4200 5617
702 573 798 680 562
992 545 1665 655 DESCRIPTIONES

700 783 938 890 ualliffimos
958 781 1203 882 Nomadum
1220 815 1393 908 campos
1426 793 1475 878 ab
1506 790 1700 881 orientali
1731 813 1845 904 parte
1864 791 1965 884 laici

699 927 893 1019 latilllme
922 944 1133 1037 patentes,
1164 927 1256 1012 imo
1288 925 1331 1009 in
1365 921 1560 1011 Sibiria‘m
1591 941 1700 1008 trans
1734 920 1844 1008 Irtin
1899 948 1967 1009 rr·

698 1081 779 1172 que
811 1054 991 1140 fluuium
1024 1056 1228 1141 abundant
1267 1047 1440 1157 Citilli,
1489 1053 1567 1134 rix
1614 1049 1699 1136 vlla
1735 1056 1969 1143 mutatione

698 1184 893 1291 notabili,
927 1202 1211 1295 praeterquam
1241 1181 1431 1288 quod‘ad
1462 1180 1592 1268 Irtim
1625 1179 1829 1287 fluuium,
1861 1184 1968 1266 unde

698 1311 847 1402 adlatas
878 1309 1005 1428 pelles
1036 1311 1160 1419 nidi,
1190 1310 1316 1424 paulo
1347 1309 1574 1399 obscuriore
1603 1305 1750 1415 doru,
1800 1329 1847 1396 et
1880 1335 1965 1398 ma·

697 1445 764 1554 gis
794 1445 843 1531 ad
876 1446 1017 1528 rufum
1048 1439 1270 1526 inclinante
1300 1441 1421 1552 proni
1467 1439 1651 1550 corporis
1699 1437 1844 1524 colore
1897 1441 1966 1526 de·

697 1568 1008 1687 prehendantur.
1075 1565 1197 1656 Certe
1228 1565 1260 1652 fi
1291 1563 1424 1654 vllam
1457 1569 1500 1652 in
1537 1565 1808 1679 proportione
1837 1571 1967 1679 parri·

698 1725 809 1806 um,
836 1703 881 1788 in
915 1697 1163 1803 uisceribus,
1193 1696 1432 1785 moribusue'
1460 1693 1651 1783 animalis
1688 1695 1969 1783 differentiam

597 1839 600 1848 ⁴
697 1825 908 1912 obseruare
941 1822 1194 1940 potuillem,
1242 1849 1321 1934 pro
1364 1825 1521 1912 diuersa
1569 1823 1697 1934 specie
1746 1845 1966 1937 atramque

513 1967 516 1973 “
697 1952 945 2042 varietatem
995 1955 1152 2044 tratlere
1202 1949 1341 2039 nullus
1388 1951 1634 2041 dubitaffem.
1695 1947 1775 2038 Seu
1830 1957 1966 2044 multo

698 2081 832 2191 magis
859 2085 970 2170 inter
1000 2086 1038 2171 se
1071 2084 1355 2191 conueniunt,
1384 2102 1509 2196 quam
1551 2095 1760 2168 marmora
1807 2081 1968 2195 alpium

697 2209 1036 2319 helueticarum,
1065 2235 1163 2297 cum
1208 2229 1414 2298 marmora
1464 2208 1707 2314 ruthenica,
1753 2211 1803 2300 in
1853 2214 1967 2300 cniur

695 2338 854 2428 vellere
883 2357 925 2429 et
957 2341 1110 2454 palmia
1136 2339 1296 2454 pollice·
1322 2340 1557 2446 inornate,
1588 2341 1763 2441 (morer
1794 2358 1848 2426 nt
1878 2343 1967 2432 tile-

686 2491 768 2552 ·am
800 2468 1007 2572 diuersos)
1040 2467 1224 2582 aliquam
1258 2469 1487 2588 specificam
1517 2466 1798 2568 differentiam
1837 2474 1967 2588 quili-

676 2597 766 2684 ²bet
796 2592 912 2688 facile
942 2597 1132 2708 notabit,
1162 2596 1262 2686 licet
1301 2600 1541 2686 minimam.

847 2789 939 2878 Hoc
989 2785 1124 2878 solum
1182 2764 1399 2908 discrimen
1449 2790 1496 2880 in
1545 2787 1729 2876 motibus
1777 2741 1965 2889 inuenire

696 2918 851 3030 potui,
883 2917 992 3032 quod
1023 2915 1182 3025 cirilli,
1211 2921 1271 3008 cit
1285 2917 1551 3042 (Vama,
1580 2935 1725 3032 utpote
1755 2921 1967 3036 minores,

677 3033 835 3152 {multo
862 3047 1081 3136 exiliorem
1123 3050 1359 3138 cuniculum
1412 3051 1631 3174 minusque
1679 3051 1968 3163 profirndunr,

695 3183 825 3286 quam
845 3162 989 3264 'altero
1021 3180 1240 3288 uarietate,
1270 3180 1436 3269 fodiant.
1485 3174 1707 3287 Explicent
1737 3203 1840 3288 ergo
1867 3184 1971 3290 alii,

529 3269 555 3320 ·’
591 3303 613 3338 ’·
688 3293 983 3433 admirandum
1036 3300 1146 3388 hunc
1198 3307 1387 3414 Naturae
1444 3305 1675 3426 effectum,
1718 3310 1836 3426 cuine
1879 3335 1973 3422 ego

678 3427 823 3518 -causas
854 3451 985 3542 oeque
1017 3427 1063 3514 in
1100 3427 1283 3542 pabulo,
1327 3455 1459 3545 neque
1506 3436 1551 3520 iu
1597 3434 1764 3523 climate
1810 3436 1976 3553 alieqni

674 3554 882 3670 polium,
913 3573 1130 3644 contentus
1159 3562 1374 3672 utriusqne
1403 3561 1712 3676 descriptionem
1751 3567 1979 3678 adierim,

482 3879 681 4012 Descriptio}

693 3685 930 3802 etquidem
962 3685 1101 3798 primo
1131 3688 1369 3811 copiofiorit
1399 3693 1647 3808 maiorisque
1676 3696 1914 3786 uarietatis.

844 3871 1016 3964 Masculi
1047 3867 1175 3964 huius
1208 3881 1416 3969 varietatis
1455 3886 1569 3973 mole
1618 3887 1797 3975 sciorum
1846 3891 1980 4002 snpe·
2038 3909 2040 3936 ³

481 4017 816 4114 Trb.xx1.rant,
846 4023 889 4090 et
924 4007 1053 4091 ieiuni
1101 4028 1223 4124 atque
1273 4013 1482 4100 macilenti
1530 4040 1663 4128 uere,
1714 4019 1981 4132 plerumque

480 4117 554 4214 rig.
585 4141 635 4197 a.

669 4441 675 4452 e

666 4547 675 4558 Ι

691 4131 840 4218 libram
890 4156 1018 4221 rnam
1060 4152 1108 4221 et
1154 4138 1314 4250 aliquot
1364 4144 1502 4228 uncias
1550 4145 1729 4231 medicas
1783 4153 1988 4261 pondere

692 4261 904 4373 fuperant3
940 4265 1029 4350 imo
1058 4267 1231 4354 leniores
1262 4267 1399 4378 habui,
1429 4291 1609 4384 quorum
1643 4277 1808 4384 pondus
1837 4275 1990 4365 libr-ue

693 4407 794 4484 cum
828 4407 980 4485 nouem
1015 4396 1151 4485 unciis
1178 4396 1340 4514 aequale
1371 4401 1463 4491 luit.
1525 4399 1727 4491 Anniculi
1765 4431 1886 4493 tero
1945 4427 1991 4492 et

1792 4536 1991 4628 biennes
