4200 5617
675 473 766 553 aso
960 445 1091 562 ua
1154 435 1613 538 affluemus

673 700 774 789 quae
806 671 993 786 aequatio
1022 667 1159 755 locum
1193 665 1310 755 haber
1343 672 1497 781 quoties
1528 695 1554 779 p
1606 664 1732 754 fuerit
1782 668 1943 759 inustio

670 805 794 891 solius
827 800 1034 913 preffionis
1058 814 1105 913 p3
1131 799 1195 883 sm
1231 820 1367 885 autem
1401 801 1563 909 insuper
1600 800 1650 882 ab
1695 798 1775 881 alia
1825 803 1939 885 causa

674 934 871 1047 pendeat,
921 952 1008 1040 quo
1040 926 1136 1013 haec
1167 931 1357 1039 aequatio
1404 926 1549 1013 locum
1600 922 1742 1013 habere
1791 927 1940 1036 pollo,

674 1060 818 1146 necesse
852 1061 908 1144 est
941 1075 989 1141 ut
1021 1080 1049 1168 q
1082 1057 1132 1140 srt
1164 1056 1322 1142 sunuio
1353 1080 1451 1139 cum
1486 1054 1665 1168 ipfiusp
1699 1072 1793 1137 turn
1820 1052 1943 1139 huius

674 1190 918 1294 quantitatis
970 1175 1706 1295 agS—;(uu÷uu÷ww)÷sp
1755 1182 1938 1299 alioquin

672 1312 771 1404 haec
806 1311 1043 1430 hypothesis
1076 1314 1132 1399 est
1164 1312 1424 1404 excludenda.

996 1530 1008 1593 ³
1083 1532 1413 1653 Coroll.
1483 1578 1526 1653 1.

830 1754 902 1845 ⁸9·
938 1742 1049 1829 Cum
1094 1766 1191 1829 uera
1236 1739 1430 1829 elementi
1483 1742 1604 1829 fluidi
1651 1744 1838 1831 celeritas
1889 1748 1942 1833 fit

677 1854 1224 1986 :V(ua·l-uv-l-ww)
1255 1889 1365 1980 pater
1397 1875 1440 1956 in
1474 1871 1550 1957 har
1584 1870 1797 1985 hypothefi
1830 1899 1939 1984 pres-

680 2001 836 2087 (ionem
869 2001 927 2082 ita
959 2001 1005 2084 ab
1037 1996 1111 2083 hac
1146 1998 1353 2084 celeritate
1386 2004 1591 2111 pendere,
1643 2022 1692 2085 rt
1721 2027 1807 2113 quo
1834 2004 1937 2091 cele·

679 2131 767 2211 rius
797 2127 974 2213 fluidum
1010 2144 1236 2231 mouetur,
1268 2150 1318 2213 eo
1350 2128 1494 2239 prellro
1512 2134 1643 2241 magis
1667 2132 1936 2243 diminuatur,

679 2256 800 2373 idque
831 2258 876 2345 in
911 2257 1068 2342 ratione
1100 2248 1306 2367 duplieara
1338 2256 1568 2349 celeritatis.
1703 2266 1708 2275 ’

1088 2470 1402 2593 Coroll.
1490 2521 1538 2599 2.

827 2716 902 2798 90.
937 2690 1154 2807 Quantitas
1184 2684 1228 2799 Φ
1260 2692 1419 2785 eatenus
1452 2703 1495 2785 in
1528 2700 1631 2791 hauc
1660 2708 1931 2819 aequationem

678 2822 933 2929 ingreditur,
965 2841 1160 2931 quatenus
1193 2844 1329 2913 ternae
1360 2828 1585 2917 celeritates
1613 2862 1652 2943 u,
1685 2863 1730 2938 v,
1761 2842 1933 2927 weriaur

677 2976 710 3066 a
735 2969 920 3060 tempore
954 2956 1168 3059 pendunt,
1217 2957 1274 3036 ita
1307 2973 1357 3039 vt
1390 2960 1433 3039 iu
1483 2961 1626 3049 eodem
1676 2966 1793 3081 spatii
1843 2970 1929 3055 loco

676 3096 817 3163 motus
849 3076 965 3162 fluidi
997 3104 1097 3165 cum
1131 3096 1320 3196 tempore
1353 3089 1548 3179 varietur.

1111 3298 1375 3422 corou.
1444 3350 1490 3458 ς.

821 3536 897 3613 91.
930 3516 1279 3608 Funuioaurem
1315 3530 1514 3639 temporis
1549 3530 1711 3645 insuper
1758 3526 1937 3621 accedent

681 3635 817 3725 asola
849 3645 1075 3731 variatione
1110 3650 1272 3735 virium
1317 3676 1613 3769 externarum,
1663 3664 1808 3779 quibus
1861 3684 1935 3751 tota

679 3766 795 3851 fluidi
827 3767 947 3855 marsa
995 3773 1269 3879 sollicitatur,
1319 3790 1541 3895 prouenit,
1591 3816 1692 3903 quae
1743 3818 1845 3881 cum
1895 3795 1933 3878 fir

681 3897 922 3999 arbitraria,
954 3903 1081 3985 etiam
1117 3902 1220 3992 hanc
1261 3912 1509 4000 fitnrliouem
1542 3922 1587 4003 ad
1621 3923 1933 4007 circumstantias

680 4024 983 4240 {epomppodari
1012 4049 1186 4139 oportet.
1270 4038 1322 4123 ln
1355 4042 1442 4153 ipso
1474 4032 1613 4137 autem
1646 4076 1768 4145 motu
1797 4078 1848 4141 ea
1883 4056 1933 4140 ni·

714 4173 726 4231 r
778 4166 822 4235 tu
869 4172 919 4240 at.

1725 4386 1932 4533 scholion.
