4200 5617
711 446 798 546 ssa
959 373 1689 584 ¹⁵1>r‹:scn1nr10ntns.
1737 439 1743 450 ·

621 671 624 680 '
703 690 746 756 et
783 667 1004 755 teneriores
1033 687 1174 748 omnes
1209 659 1544 774 depascebautur3
1577 654 1822 770 praesertim
1857 652 1975 746 tetra⁸¹

705 799 932 908 dynamas‚
977 776 1236 904 polygonum
1283 786 1521 895 aniculare,
1568 783 1761 890 trisolia,
1803 791 1977 902 cytisos,

599 963 611 976 ·’
705 924 905 1020 robininm
940 926 1256 1026 frutescentem,
1303 917 1512 1027 betulam,
1560 936 1636 1004 cet.
1704 918 1821 1004 Raro
1873 915 1973 1001 sitio

700 1053 841 1158 bant,
893 1051 1001 1162 sique
1050 1057 1297 1134 recusaretur
1346 1068 1498 1155 potus,
1547 1047 1716 1128 urinam
1763 1049 1972 1156 propriam

707 1178 966 1281 lambebant,
1022 1201 1229 1287 nunquam
1280 1198 1382 1261 vero
1433 1174 1465 1258 sr
1514 1196 1617 1284 aqua
1665 1177 1830 1283 praello
1876 1171 1968 1262 eset

654 1379 659 1390 .
705 1305 862 1395 Bibunt
900 1303 1116 1391 lambendo
1147 1324 1189 1388 et
1222 1304 1478 1413 parcissime,
1506 1303 1572 1385 vti
1620 1300 1729 1391 seles.
1817 1299 1968 1400 Niuem

370 1411 372 1418 X
513 1507 515 1518 .
596 1518 598 1522 ,
653 1476 655 1481 s
706 1459 789 1520 non
821 1432 1081 1519 comedebant
1110 1430 1512 1541 ad‘rellinguendam
1554 1430 1699 1537 sitim,
1728 1447 1783 1513 vt
1830 1430 1968 1538 hyeme

707 1560 828 1648 sciuri
880 1559 1104 1650 auidillrme
1151 1558 1293 1646 solent.
1372 1557 1525 1646 Contra
1575 1559 1735 1671 perdite
1783 1582 1966 1644 amarunt

706 1687 954 1790 lasticinia,
986 1689 1204 1777 Marmotis
1236 1687 1388 1798 pariter
1420 1689 1634 1798 expetita,
1685 1687 1816 1798 iisque
1860 1688 1965 1772 altra

587 1867 592 1878 ·
657 1843 666 1936 ⁴.
717 1805 891 1904 modurn
925 1836 1111 1902 ventrem
1133 1809 1364 1930 replebant,
1396 1819 1454 1900 ita
1484 1836 1534 1901 ut
1565 1817 1680 1927 saepe
1712 1807 1806 1901 iude
1833 1837 1965 1923 aegros

553 1979 569 1994 ‘
686 1959 750 2034 'et
804 1947 1023 2032 diarrhoea
1073 1947 1331 2053 laborantes,
1379 1947 1470 2030 imo
1517 1966 1735 2056 pereuntes
1783 1944 1964 2033 uiderim.

576 2061 579 2072 ’
706 2072 853 2182 Neque
900 2097 1047 2184 aquarn
1088 2078 1280 2162 curabant
1330 2071 1429 2183 lasti
1477 2073 1666 2179 adsueti,
1711 2075 1756 2155 e't
1800 2094 1967 2158 recentes

705 2205 812 2312 capti
846 2189 1029 2287 oblatum
1063 2203 1157 2310 lac,
1191 2202 1323 2288 statim
1356 2226 1401 2286 ac
1437 2201 1762 2307 degustaueraut,
1796 2200 1968 2287 lubenter

705 2325 958 2438 hauriebant,
986 2334 1160 2445 indeque
1192 2332 1376 2416 maxime
1408 2327 1704 2435 cicurabantur.
1772 2327 1969 2415 Praeterea

706 2457 819 2570 saepe
858 2481 1001 2569 panem
1035 2463 1189 2572 butyro
1221 2461 1414 2565 illitum,
1444 2457 1692 2568 placentulas
1744 2456 1970 2565 butyratas,

708 2609 842 2672 carnes
874 2589 1007 2672 cocias
1039 2611 1082 2677 et
1114 2589 1279 2693 assatas,
1311 2590 1401 2672 imo
1433 2585 1591 2672 lardum
1643 2584 1795 2672 salsum
1844 2610 1970 2671 come·

708 2716 856 2802 derunt
888 2718 1068 2802 cicurati·
1091 2738 1133 2801 et
1167 2719 1207 2800 in
1241 2737 1388 2822 genere
1418 2717 1585 2824 pinguia
1616 2715 1796 2826 impense
1846 2737 1971 2799 amare

710 2841 790 2928 visi
821 2843 926 2931 sunt.
990 2844 1189 2942 ¹Famelicl
1213 2853 1325 2931 'vero
1359 2839 1465 2930 nibil
1512 2847 1624 2948 sere,
1671 2841 1741 2926 nifi
1786 2848 1970 2936 maxime

709 2973 961 3074 contraria,
1009 2971 1288 3082 respuebant,
1337 2970 1436 3063 imo¹
1475 2973 1637 3086 propria
1683 2993 1978 3073 excrementa,

710 3121 811 3208 quae
863 3099 1086 3188 Rattorum
1136 3103 1218 3191 bre
1281 3099 1430 3188 similia
1480 3103 1617 3209 sunt,
1682 3103 1790 3216 saepe
1836 3103 1979 3186 ‹seeo-

595 3306 599 3314 .
712 3249 874 3313 larunt·
963 3305 967 3311 .

864 3480 976 3590 Cum
1021 3483 1264 3593 Marmotis,
1294 3485 1338 3570 in
1355 3487 1603 3574 tumaxime
1631 3483 1830 3576 conuenit
1852 3481 1980 3573 citit·

716 3606 798 3710 ln,
830 3613 938 3719 quod
973 3630 1059 3698 tota
1092 3613 1247 3720 hyeme
1282 3615 1363 3700 fine
1392 3614 1591 3707 alimento
1629 3619 1673 3698 in
1717 3615 1850 3698 antris
1903 3614 1977 3696 suis

715 3755 883 3847 torpeat.
974 3738 1124 3824 Primis
1158 3739 1402 3853 plerumque
1436 3744 1670 3855 septembris
1698 3743 1871 3846 diebus,
1898 3766 1977 3848 quo

610 3977 612 3983 A
716 3865 801 3952 sere
833 3887 1021 3978 tempure
1072 3870 1252 3979 frigora,
1304 3871 1442 3959 saltem
1493 3875 1692 3960 nosinrna
1746 3867 1975 3979 primulum

717 3992 906 4077 incidunt
927 3998 1132 4098 „exitum
1167 4001 1273 4084 antri
1303 3999 1363 4084 sui
1393 4000 1593 4084 aestiuum
1626 3999 1784 4084 claudit
1815 3995 1971 4096 ciciliae,

721 4135 860 4224 terra,
887 4147 1008 4230 quam
1043 4143 1091 4207 vt
1122 4126 1209 4210 dixi
1245 4156 1269 4214 e
1300 4151 1413 4212 nouo
1441 4127 1569 4219 canali
1617 4128 1811 4236 euenit,
1861 4143 1974 4237 quem

713 4245 764 4331 ad
794 4249 1008 4364 caespitem
1040 4272 1195 4366 usque,
1224 4259 1461 4374 profuturi
1492 4256 1602 4348 teris
1630 4256 1786 4366 exitu,
1843 4273 1978 4365 parare

1398 4395 1405 4404 '
1540 4383 1544 4395 '
1844 4382 1981 4473 inum·
