<?xml version="1.0" encoding="UTF-8"?>
<!DOCTYPE html PUBLIC "-//W3C//DTD XHTML 1.0 Transitional//EN"
    "http://www.w3.org/TR/xhtml1/DTD/xhtml1-transitional.dtd">
<html xmlns="http://www.w3.org/1999/xhtml" xml:lang="en" lang="en">
 <head>
  <title>
</title>
<meta http-equiv="Content-Type" content="text/html;charset=utf-8" />
  <meta name='ocr-system' content='tesseract 3.04.00' />
  <meta name='ocr-capabilities' content='ocr_page ocr_carea ocr_par ocr_line ocrx_word'/>
</head>
<body>
  <div class='ocr_page' id='page_1' title='image "./novicommentarii05sssrgoog_0642.png"; bbox 0 0 4200 5617; ppageno 0'>
   <div class='ocr_carea' id='block_1_1' title="bbox 744 413 1704 580">
    <p class='ocr_par' dir='ltr' id='par_1_1' title="bbox 744 413 1704 580">
     <span class='ocr_line' id='line_1_1' title="bbox 744 413 1704 580; baseline -0.006 -41"><span class='ocrx_word' id='word_1_1' title='bbox 744 458 838 564; x_wconf 64' lang='lat'>504</span> <span class='ocrx_word' id='word_1_2' title='bbox 905 451 908 462; x_wconf 56' lang='lat'>¹</span> <span class='ocrx_word' id='word_1_3' title='bbox 1035 413 1704 580; x_wconf 75' lang='lat' dir='ltr'>nascerenro&#39;nss</span> 
     </span>
    </p>
   </div>
   <div class='ocr_carea' id='block_1_2' title="bbox 742 667 1998 1171">
    <p class='ocr_par' dir='ltr' id='par_1_2' title="bbox 742 667 1998 1171">
     <span class='ocr_line' id='line_1_2' title="bbox 744 667 1998 782; baseline -0.006 -12"><span class='ocrx_word' id='word_1_4' title='bbox 744 682 842 769; x_wconf 87' lang='lat' dir='ltr'>alba.</span> <span class='ocrx_word' id='word_1_5' title='bbox 931 667 1127 779; x_wconf 79' lang='lat' dir='ltr'>Reliquae</span> <span class='ocrx_word' id='word_1_6' title='bbox 1167 669 1387 782; x_wconf 88' lang='lat' dir='ltr'>primariae</span> <span class='ocrx_word' id='word_1_7' title='bbox 1421 689 1450 766; x_wconf 88' lang='lat'><em>9</em></span> <span class='ocrx_word' id='word_1_8' title='bbox 1484 690 1584 754; x_wconf 89' lang='lat' dir='ltr'>curn</span> <span class='ocrx_word' id='word_1_9' title='bbox 1618 671 1855 758; x_wconf 73' lang='lat' dir='ltr'>rectricibus</span> <span class='ocrx_word' id='word_1_10' title='bbox 1889 673 1998 762; x_wconf 72' lang='lat' dir='ltr'>msere</span> 
     </span>
     <span class='ocr_line' id='line_1_3' title="bbox 742 798 1997 910; baseline -0.006 -15"><span class='ocrx_word' id='word_1_11' title='bbox 742 833 785 899; x_wconf 86' lang='lat' dir='ltr'>et</span> <span class='ocrx_word' id='word_1_12' title='bbox 817 805 943 891; x_wconf 89' lang='lat' dir='ltr'>niueo</span> <span class='ocrx_word' id='word_1_13' title='bbox 976 800 1088 910; x_wconf 88' lang='lat' dir='ltr'>quasi</span> <span class='ocrx_word' id='word_1_14' title='bbox 1121 827 1212 886; x_wconf 91' lang='lat' dir='ltr'>rore</span> <span class='ocrx_word' id='word_1_15' title='bbox 1242 799 1523 903; x_wconf 86' lang='lat' dir='ltr'>candicantes,</span> <span class='ocrx_word' id='word_1_16' title='bbox 1552 821 1575 880; x_wconf 86' lang='lat' dir='ltr'>a</span> <span class='ocrx_word' id='word_1_17' title='bbox 1609 798 1843 907; x_wconf 82' lang='lat' dir='ltr'>longissima</span> <span class='ocrx_word' id='word_1_18' title='bbox 1879 804 1997 889; x_wconf 85' lang='lat' dir='ltr'>secun</span> 
     </span>
     <span class='ocr_line' id='line_1_4' title="bbox 744 927 1997 1025; baseline -0.003 -3"><span class='ocrx_word' id='word_1_19' title='bbox 744 942 791 1022; x_wconf 86' lang='lat' dir='ltr'>da</span> <span class='ocrx_word' id='word_1_20' title='bbox 822 935 909 1016; x_wconf 88' lang='lat' dir='ltr'>cito</span> <span class='ocrx_word' id='word_1_21' title='bbox 942 931 1212 1017; x_wconf 83' lang='lat' dir='ltr'><strong>decrescentes.</strong></span> <span class='ocrx_word' id='word_1_22' title='bbox 1269 927 1538 1014; x_wconf 71' lang='lat' dir='ltr'>secundariae</span> <span class='ocrx_word' id='word_1_23' title='bbox 1574 949 1627 1025; x_wconf 89' lang='lat'>15</span> <span class='ocrx_word' id='word_1_24' title='bbox 1670 932 1856 1022; x_wconf 86' lang='lat' dir='ltr'>breues.</span> <span class='ocrx_word' id='word_1_25' title='bbox 1889 929 1997 1018; x_wconf 89' lang='lat' dir='ltr'>adbut</span> 
     </span>
     <span class='ocr_line' id='line_1_5' title="bbox 750 1053 1665 1171; baseline -0.012 -23"><span class='ocrx_word' id='word_1_26' title='bbox 750 1062 881 1171; x_wconf 86' lang='lat' dir='ltr'>magis</span> <span class='ocrx_word' id='word_1_27' title='bbox 913 1061 1189 1164; x_wconf 78' lang='lat' dir='ltr'>canescentes,</span> <span class='ocrx_word' id='word_1_28' title='bbox 1220 1075 1262 1137; x_wconf 87' lang='lat' dir='ltr'>et</span> <span class='ocrx_word' id='word_1_29' title='bbox 1293 1053 1381 1140; x_wconf 93' lang='lat' dir='ltr'>albo</span> <span class='ocrx_word' id='word_1_30' title='bbox 1414 1054 1665 1140; x_wconf 86' lang='lat' dir='ltr'>terminatae.</span> 
     </span>
    </p>
   </div>
   <div class='ocr_carea' id='block_1_3' title="bbox 751 1271 1993 1679">
    <p class='ocr_par' dir='ltr' id='par_1_3' title="bbox 751 1271 1993 1679">
     <span class='ocr_line' id='line_1_6' title="bbox 792 1271 1993 1422; baseline -0.003 -22"><span class='ocrx_word' id='word_1_31' title='bbox 792 1321 798 1338; x_wconf 93' lang='lat'>&#39;</span> <span class='ocrx_word' id='word_1_32' title='bbox 899 1271 1038 1402; x_wconf 72' lang='lat' dir='ltr'>Canale</span> <span class='ocrx_word' id='word_1_33' title='bbox 1070 1309 1350 1418; x_wconf 87' lang='lat' dir='ltr'>breuiuscula‚</span> <span class='ocrx_word' id='word_1_34' title='bbox 1384 1309 1582 1420; x_wconf 83' lang='lat' dir='ltr'>profunde</span> <span class='ocrx_word' id='word_1_35' title='bbox 1613 1309 1849 1422; x_wconf 83' lang='lat' dir='ltr'>sorcipata;</span> <span class='ocrx_word' id='word_1_36' title='bbox 1879 1311 1993 1398; x_wconf 67' lang='lat' dir='ltr'>redii·</span> 
     </span>
     <span class='ocr_line' id='line_1_7' title="bbox 751 1439 1992 1548; baseline -0.006 -14"><span class='ocrx_word' id='word_1_37' title='bbox 751 1473 816 1534; x_wconf 86' lang='lat' dir='ltr'>cer</span> <span class='ocrx_word' id='word_1_38' title='bbox 849 1443 1081 1530; x_wconf 88' lang='lat' dir='ltr'>suscescenti</span> <span class='ocrx_word' id='word_1_39' title='bbox 1111 1465 1264 1548; x_wconf 85' lang='lat' dir='ltr'>canae,</span> <span class='ocrx_word' id='word_1_40' title='bbox 1296 1439 1492 1525; x_wconf 87' lang='lat' dir='ltr'>interiore</span> <span class='ocrx_word' id='word_1_41' title='bbox 1524 1440 1651 1524; x_wconf 87' lang='lat' dir='ltr'>latere</span> <span class='ocrx_word' id='word_1_42' title='bbox 1675 1440 1790 1526; x_wconf 83' lang='lat' dir='ltr'>albae</span> <span class='ocrx_word' id='word_1_43' title='bbox 1808 1469 1840 1547; x_wconf 67' lang='grc' dir='ltr'>ς·</span> <span class='ocrx_word' id='word_1_44' title='bbox 1869 1445 1992 1526; x_wconf 69' lang='lat' dir='ltr'>media</span> 
     </span>
     <span class='ocr_line' id='line_1_8' title="bbox 756 1566 1725 1679; baseline -0.005 -21"><span class='ocrx_word' id='word_1_45' title='bbox 756 1575 1019 1679; x_wconf 82' lang='lat' dir='ltr'>latiusrulae,</span> <span class='ocrx_word' id='word_1_46' title='bbox 1048 1572 1230 1656; x_wconf 81' lang='lat' dir='ltr'>extimae</span> <span class='ocrx_word' id='word_1_47' title='bbox 1258 1566 1465 1676; x_wconf 79' lang='lat' dir='ltr'>elongatae</span> <span class='ocrx_word' id='word_1_48' title='bbox 1484 1626 1504 1672; x_wconf 88' lang='lat'>,.</span> <span class='ocrx_word' id='word_1_49' title='bbox 1526 1568 1725 1674; x_wconf 84' lang='lat' dir='ltr'>augustae.</span> 
     </span>
    </p>
   </div>
   <div class='ocr_carea' id='block_1_4' title="bbox 755 1789 1994 2680">
    <p class='ocr_par' dir='ltr' id='par_1_4' title="bbox 755 1789 1994 2680">
     <span class='ocr_line' id='line_1_9' title="bbox 905 1789 1994 1901; baseline -0.007 -20"><span class='ocrx_word' id='word_1_50' title='bbox 905 1795 1027 1882; x_wconf 85' lang='lat' dir='ltr'>Pedes</span> <span class='ocrx_word' id='word_1_51' title='bbox 1059 1791 1335 1901; x_wconf 85' lang='lat' dir='ltr'>longiusculi,</span> <span class='ocrx_word' id='word_1_52' title='bbox 1377 1793 1686 1900; x_wconf 84' lang='lat' dir='ltr'>subrubicundi,</span> <span class='ocrx_word' id='word_1_53' title='bbox 1715 1792 1837 1880; x_wconf 89' lang='lat' dir='ltr'>susci.</span> <span class='ocrx_word' id='word_1_54' title='bbox 1895 1789 1994 1900; x_wconf 87' lang='lat' dir='ltr'>Digi-</span> 
     </span>
     <span class='ocr_line' id='line_1_10' title="bbox 756 1922 1994 2035; baseline -0.003 -27"><span class='ocrx_word' id='word_1_55' title='bbox 756 1944 822 2010; x_wconf 85' lang='lat' dir='ltr'>tus</span> <span class='ocrx_word' id='word_1_56' title='bbox 856 1923 1026 2010; x_wconf 89' lang='lat' dir='ltr'>interior</span> <span class='ocrx_word' id='word_1_57' title='bbox 1066 1923 1263 2025; x_wconf 88' lang='lat' dir='ltr'>breuior,</span> <span class='ocrx_word' id='word_1_58' title='bbox 1311 1922 1563 2012; x_wconf 85' lang='lat' dir='ltr'>breuiffimus</span> <span class='ocrx_word' id='word_1_59' title='bbox 1610 1925 1821 2035; x_wconf 89' lang='lat' dir='ltr'>posiicns,</span> <span class='ocrx_word' id='word_1_60' title='bbox 1869 1945 1994 2028; x_wconf 77' lang='lat' dir='ltr'>unguet</span> 
     </span>
     <span class='ocr_line' id='line_1_11' title="bbox 755 2051 1993 2160; baseline -0.002 -24"><span class='ocrx_word' id='word_1_61' title='bbox 755 2055 880 2160; x_wconf 84' lang='lat' dir='ltr'>nigri.</span> <span class='ocrx_word' id='word_1_62' title='bbox 948 2053 1183 2159; x_wconf 90' lang='lat' dir='ltr'>Longitudo</span> <span class='ocrx_word' id='word_1_63' title='bbox 1215 2052 1299 2136; x_wconf 90' lang='lat' dir='ltr'>auis</span> <span class='ocrx_word' id='word_1_64' title='bbox 1339 2053 1556 2140; x_wconf 87' lang='lat' dir='ltr'>asummo</span> <span class='ocrx_word' id='word_1_65' title='bbox 1585 2053 1716 2137; x_wconf 88' lang='lat' dir='ltr'>rostro</span> <span class='ocrx_word' id='word_1_66' title='bbox 1764 2051 1818 2134; x_wconf 88' lang='lat' dir='ltr'>ad</span> <span class='ocrx_word' id='word_1_67' title='bbox 1865 2073 1993 2160; x_wconf 76' lang='lat' dir='ltr'>vropy·</span> 
     </span>
     <span class='ocr_line' id='line_1_12' title="bbox 755 2175 1992 2290; baseline -0.005 -26"><span class='ocrx_word' id='word_1_68' title='bbox 755 2184 875 2290; x_wconf 89' lang='lat' dir='ltr'>gium</span> <span class='ocrx_word' id='word_1_69' title='bbox 909 2181 1106 2264; x_wconf 87' lang='lat' dir='ltr'>tredecim</span> <span class='ocrx_word' id='word_1_70' title='bbox 1141 2175 1338 2290; x_wconf 85' lang='lat' dir='ltr'>pollices,</span> <span class='ocrx_word' id='word_1_71' title='bbox 1395 2180 1570 2265; x_wconf 87' lang='lat' dir='ltr'>rostrum</span> <span class='ocrx_word' id='word_1_72' title='bbox 1618 2181 1668 2262; x_wconf 93' lang='lat' dir='ltr'>ad</span> <span class='ocrx_word' id='word_1_73' title='bbox 1715 2177 1892 2286; x_wconf 87' lang='lat' dir='ltr'>angulos</span> <span class='ocrx_word' id='word_1_74' title='bbox 1932 2183 1992 2263; x_wconf 81' lang='lat' dir='ltr'>ont</span> 
     </span>
     <span class='ocr_line' id='line_1_13' title="bbox 758 2305 1991 2418; baseline -0.005 -22"><span class='ocrx_word' id='word_1_75' title='bbox 758 2333 886 2418; x_wconf 80' lang='lat' dir='ltr'>usque</span> <span class='ocrx_word' id='word_1_76' title='bbox 921 2327 1000 2390; x_wconf 90' lang='lat' dir='ltr'>tres</span> <span class='ocrx_word' id='word_1_77' title='bbox 1033 2311 1114 2392; x_wconf 90' lang='lat' dir='ltr'>sere</span> <span class='ocrx_word' id='word_1_78' title='bbox 1148 2305 1337 2417; x_wconf 81' lang='lat' dir='ltr'>pollices,</span> <span class='ocrx_word' id='word_1_79' title='bbox 1370 2307 1496 2393; x_wconf 87' lang='lat' dir='ltr'>cauda</span> <span class='ocrx_word' id='word_1_80' title='bbox 1529 2307 1699 2392; x_wconf 86' lang='lat' dir='ltr'>extimis</span> <span class='ocrx_word' id='word_1_81' title='bbox 1731 2307 1991 2418; x_wconf 78' lang='lat' dir='ltr'>pennisque</span> 
     </span>
     <span class='ocr_line' id='line_1_14' title="bbox 758 2427 1993 2548; baseline 0 -28"><span class='ocrx_word' id='word_1_82' title='bbox 758 2462 838 2548; x_wconf 90' lang='lat' dir='ltr'>que</span> <span class='ocrx_word' id='word_1_83' title='bbox 871 2436 1035 2519; x_wconf 86' lang='lat' dir='ltr'>circiter</span> <span class='ocrx_word' id='word_1_84' title='bbox 1066 2433 1268 2548; x_wconf 86' lang='lat' dir='ltr'>pollices,</span> <span class='ocrx_word' id='word_1_85' title='bbox 1299 2427 1550 2524; x_wconf 76' lang='lat' dir='ltr'>sedularum</span> <span class='ocrx_word' id='word_1_86' title='bbox 1584 2433 1993 2544; x_wconf 77' lang='lat' dir='ltr'>vinaquatuordein</span> 
     </span>
     <span class='ocr_line' id='line_1_15' title="bbox 759 2563 1791 2680; baseline -0.004 -30"><span class='ocrx_word' id='word_1_87' title='bbox 759 2584 802 2650; x_wconf 88' lang='lat' dir='ltr'>et</span> <span class='ocrx_word' id='word_1_88' title='bbox 833 2567 944 2676; x_wconf 92' lang='lat' dir='ltr'>quod</span> <span class='ocrx_word' id='word_1_89' title='bbox 976 2567 1138 2650; x_wconf 82' lang='lat' dir='ltr'>excedit</span> <span class='ocrx_word' id='word_1_90' title='bbox 1170 2563 1338 2677; x_wconf 86' lang='lat' dir='ltr'>pollices</span> <span class='ocrx_word' id='word_1_91' title='bbox 1366 2589 1532 2680; x_wconf 85' lang='lat' dir='ltr'>aequare</span> <span class='ocrx_word' id='word_1_92' title='bbox 1562 2563 1679 2649; x_wconf 71' lang='lat' dir='ltr'>solet,</span> <span class='ocrx_word' id='word_1_93' title='bbox 1778 2598 1791 2630; x_wconf 76' lang='grc' dir='ltr'>τ</span> 
     </span>
    </p>
   </div>
   <div class='ocr_carea' id='block_1_5' title="bbox 825 2760 1950 2917">
    <p class='ocr_par' dir='ltr' id='par_1_5' title="bbox 825 2760 1950 2917">
     <span class='ocr_line' id='line_1_16' title="bbox 825 2760 1950 2917; baseline 0.001 -4"><span class='ocrx_word' id='word_1_94' title='bbox 825 2808 921 2915; x_wconf 80' lang='lat' dir='ltr'>VJ.</span> <span class='ocrx_word' id='word_1_95' title='bbox 987 2760 1439 2917; x_wconf 78' lang='lat' dir='ltr'>MoTAumnA</span> <span class='ocrx_word' id='word_1_96' title='bbox 1480 2805 1950 2915; x_wconf 64' lang='lat' dir='ltr'>caesenatem</span> 
     </span>
    </p>
   </div>
   <div class='ocr_carea' id='block_1_6' title="bbox 553 2977 2001 4486">
    <p class='ocr_par' dir='ltr' id='par_1_6' title="bbox 553 2977 1994 3350">
     <span class='ocr_line' id='line_1_17' title="bbox 553 2977 1994 3096; baseline 0.005 -37"><span class='ocrx_word' id='word_1_97' title='bbox 553 3010 752 3087; x_wconf 54' lang='lat' dir='ltr'>Tagxxfl,</span> <span class='ocrx_word' id='word_1_98' title='bbox 912 2977 1148 3065; x_wconf 80' lang='lat' dir='ltr'>Motaeillam</span> <span class='ocrx_word' id='word_1_99' title='bbox 1210 2983 1443 3068; x_wconf 86' lang='lat' dir='ltr'>leueomelam</span> <span class='ocrx_word' id='word_1_100' title='bbox 1498 2979 1676 3068; x_wconf 86' lang='lat' dir='ltr'>moutofi</span> <span class='ocrx_word' id='word_1_101' title='bbox 1734 2985 1994 3096; x_wconf 81' lang='lat' dir='ltr'>praeruptiqut</span> 
     </span>
     <span class='ocr_line' id='line_1_18' title="bbox 579 3105 1993 3230; baseline 0.005 -42"><span class='ocrx_word' id='word_1_102' title='bbox 579 3117 653 3208; x_wconf 83' lang='lat' dir='ltr'>Fig.</span> <span class='ocrx_word' id='word_1_103' title='bbox 681 3135 713 3208; x_wconf 83' lang='lat'>3·</span> <span class='ocrx_word' id='word_1_104' title='bbox 764 3105 911 3230; x_wconf 70' lang='lat' dir='ltr'>stadius</span> <span class='ocrx_word' id='word_1_105' title='bbox 942 3109 1154 3219; x_wconf 88' lang='lat' dir='ltr'>propriam</span> <span class='ocrx_word' id='word_1_106' title='bbox 1190 3108 1261 3194; x_wconf 87' lang='lat' dir='ltr'>srbi</span> <span class='ocrx_word' id='word_1_107' title='bbox 1304 3113 1545 3216; x_wconf 83' lang='lat' dir='ltr'>vindicant,</span> <span class='ocrx_word' id='word_1_108' title='bbox 1592 3111 1664 3219; x_wconf 92' lang='lat' dir='ltr'>qui</span> <span class='ocrx_word' id='word_1_109' title='bbox 1713 3109 1878 3222; x_wconf 84' lang='lat' dir='ltr'>Volgae</span> <span class='ocrx_word' id='word_1_110' title='bbox 1918 3115 1993 3196; x_wconf 82' lang='lat' dir='ltr'>inse·</span> 
     </span>
     <span class='ocr_line' id='line_1_19' title="bbox 763 3236 1994 3350; baseline 0.004 -32"><span class='ocrx_word' id='word_1_111' title='bbox 763 3236 887 3321; x_wconf 87' lang='lat' dir='ltr'>rioris</span> <span class='ocrx_word' id='word_1_112' title='bbox 917 3238 1104 3319; x_wconf 82' lang='lat' dir='ltr'>dextram</span> <span class='ocrx_word' id='word_1_113' title='bbox 1137 3239 1272 3346; x_wconf 87' lang='lat' dir='ltr'>ripam</span> <span class='ocrx_word' id='word_1_114' title='bbox 1308 3243 1493 3323; x_wconf 86' lang='lat' dir='ltr'>maxime</span> <span class='ocrx_word' id='word_1_115' title='bbox 1526 3239 1787 3328; x_wconf 85' lang='lat' dir='ltr'>constituunt.</span> <span class='ocrx_word' id='word_1_116' title='bbox 1869 3239 1994 3350; x_wconf 81' lang='lat' dir='ltr'>Copia</span> 
     </span>
    </p>

    <p class='ocr_par' dir='ltr' id='par_1_7' title="bbox 767 3349 1995 3481">
     <span class='ocr_line' id='line_1_20' title="bbox 767 3349 1995 3481; baseline 0.013 -45"><span class='ocrx_word' id='word_1_117' title='bbox 767 3349 854 3436; x_wconf 91' lang='lat' dir='ltr'>sam</span> <span class='ocrx_word' id='word_1_118' title='bbox 889 3363 981 3436; x_wconf 86' lang='lat' dir='ltr'>satis</span> <span class='ocrx_word' id='word_1_119' title='bbox 1024 3366 1247 3462; x_wconf 87' lang='lat' dir='ltr'>praeterito</span> <span class='ocrx_word' id='word_1_120' title='bbox 1295 3386 1391 3444; x_wconf 83' lang='lat' dir='ltr'>vere</span> <span class='ocrx_word' id='word_1_121' title='bbox 1443 3367 1647 3452; x_wconf 86' lang='lat' dir='ltr'>obseruaul</span> <span class='ocrx_word' id='word_1_122' title='bbox 1695 3371 1740 3454; x_wconf 93' lang='lat' dir='ltr'>iu</span> <span class='ocrx_word' id='word_1_123' title='bbox 1787 3372 1995 3481; x_wconf 73' lang='lat' dir='ltr'>repentine</span> 
     </span>
    </p>

    <p class='ocr_par' dir='ltr' id='par_1_8' title="bbox 772 3477 1998 3727">
     <span class='ocr_line' id='line_1_21' title="bbox 772 3477 1995 3610; baseline 0.016 -48"><span class='ocrx_word' id='word_1_124' title='bbox 772 3479 882 3562; x_wconf 90' lang='lat' dir='ltr'>iuter</span> <span class='ocrx_word' id='word_1_125' title='bbox 917 3477 1128 3563; x_wconf 83' lang='lat' dir='ltr'>Samaram</span> <span class='ocrx_word' id='word_1_126' title='bbox 1178 3501 1220 3564; x_wconf 87' lang='lat' dir='ltr'>et</span> <span class='ocrx_word' id='word_1_127' title='bbox 1250 3479 1476 3602; x_wconf 54' lang='lat' dir='ltr'>Syranum</span> <span class='ocrx_word' id='word_1_128' title='bbox 1529 3496 1673 3599; x_wconf 80' lang='lat' dir='ltr'>urbes,</span> <span class='ocrx_word' id='word_1_129' title='bbox 1721 3519 1855 3608; x_wconf 80' lang='lat' dir='ltr'>neque</span> <span class='ocrx_word' id='word_1_130' title='bbox 1895 3501 1995 3610; x_wconf 83' lang='lat' dir='ltr'>pollet</span> 
     </span>
     <span class='ocr_line' id='line_1_22' title="bbox 772 3607 1998 3727; baseline 0.017 -37"><span class='ocrx_word' id='word_1_131' title='bbox 772 3609 927 3720; x_wconf 80' lang='lat' dir='ltr'>uspiam</span> <span class='ocrx_word' id='word_1_132' title='bbox 982 3607 1066 3695; x_wconf 85' lang='lat' dir='ltr'>uisa</span> <span class='ocrx_word' id='word_1_133' title='bbox 1116 3610 1204 3695; x_wconf 82' lang='lat' dir='ltr'>suit.</span> <span class='ocrx_word' id='word_1_134' title='bbox 1301 3614 1605 3726; x_wconf 82' lang='lat' dir='ltr'>Elegantissnna</span> <span class='ocrx_word' id='word_1_135' title='bbox 1638 3622 1795 3710; x_wconf 88' lang='lat' dir='ltr'>auicula</span> <span class='ocrx_word' id='word_1_136' title='bbox 1831 3652 1917 3712; x_wconf 78' lang='lat' dir='ltr'>mas</span> <span class='ocrx_word' id='word_1_137' title='bbox 1940 3628 1998 3727; x_wconf 76' lang='lat' dir='ltr'>esi,</span> 
     </span>
    </p>

    <p class='ocr_par' dir='ltr' id='par_1_9' title="bbox 771 3735 1998 3984">
     <span class='ocr_line' id='line_1_23' title="bbox 771 3735 1998 3851; baseline 0.012 -30"><span class='ocrx_word' id='word_1_138' title='bbox 771 3755 813 3821; x_wconf 89' lang='lat' dir='ltr'>et</span> <span class='ocrx_word' id='word_1_139' title='bbox 844 3735 1016 3822; x_wconf 88' lang='lat' dir='ltr'>feminae</span> <span class='ocrx_word' id='word_1_140' title='bbox 1050 3736 1106 3822; x_wconf 89' lang='lat' dir='ltr'>ita</span> <span class='ocrx_word' id='word_1_141' title='bbox 1138 3738 1372 3851; x_wconf 77' lang='lat' dir='ltr'>diffinitis,</span> <span class='ocrx_word' id='word_1_142' title='bbox 1418 3767 1466 3832; x_wconf 84' lang='lat' dir='ltr'>ut</span> <span class='ocrx_word' id='word_1_143' title='bbox 1498 3749 1572 3832; x_wconf 91' lang='lat' dir='ltr'>nisr</span> <span class='ocrx_word' id='word_1_144' title='bbox 1605 3778 1631 3835; x_wconf 89' lang='lat' dir='ltr'>e</span> <span class='ocrx_word' id='word_1_145' title='bbox 1662 3755 1789 3838; x_wconf 81' lang='lat' dir='ltr'>cauda</span> <span class='ocrx_word' id='word_1_146' title='bbox 1819 3756 1919 3843; x_wconf 86' lang='lat' dir='ltr'>haec</span> <span class='ocrx_word' id='word_1_147' title='bbox 1948 3757 1998 3836; x_wconf 81' lang='lat' dir='ltr'>tir</span> 
     </span>
     <span class='ocr_line' id='line_1_24' title="bbox 772 3865 1998 3984; baseline 0.019 -38"><span class='ocrx_word' id='word_1_148' title='bbox 772 3865 1086 3970; x_wconf 86' lang='lat' dir='ltr'>dignosceretur.</span> <span class='ocrx_word' id='word_1_149' title='bbox 1151 3865 1269 3954; x_wconf 89' lang='lat' dir='ltr'>Circa</span> <span class='ocrx_word' id='word_1_150' title='bbox 1301 3875 1408 3984; x_wconf 86' lang='lat' dir='ltr'>ripas</span> <span class='ocrx_word' id='word_1_151' title='bbox 1439 3877 1658 3964; x_wconf 84' lang='lat' dir='ltr'>versarier</span> <span class='ocrx_word' id='word_1_152' title='bbox 1689 3888 1934 3972; x_wconf 73' lang='lat' dir='ltr'>vermiculat</span> <span class='ocrx_word' id='word_1_153' title='bbox 1958 3885 1998 3968; x_wconf 87' lang='lat' dir='ltr'>le·</span> 
     </span>
    </p>

    <p class='ocr_par' dir='ltr' id='par_1_10' title="bbox 772 3993 1997 4116">
     <span class='ocr_line' id='line_1_25' title="bbox 772 3993 1997 4116; baseline 0.013 -41"><span class='ocrx_word' id='word_1_154' title='bbox 772 4012 867 4096; x_wconf 88' lang='lat' dir='ltr'>gere</span> <span class='ocrx_word' id='word_1_155' title='bbox 899 3993 1019 4096; x_wconf 74' lang='lat' dir='ltr'>solet3</span> <span class='ocrx_word' id='word_1_156' title='bbox 1057 3997 1105 4079; x_wconf 86' lang='lat' dir='ltr'>ud</span> <span class='ocrx_word' id='word_1_157' title='bbox 1139 4023 1261 4107; x_wconf 90' lang='lat' dir='ltr'>pagos</span> <span class='ocrx_word' id='word_1_158' title='bbox 1287 4003 1411 4086; x_wconf 87' lang='lat' dir='ltr'>etiam</span> <span class='ocrx_word' id='word_1_159' title='bbox 1444 4008 1621 4116; x_wconf 89' lang='lat' dir='ltr'>accedit,</span> <span class='ocrx_word' id='word_1_160' title='bbox 1656 4015 1813 4098; x_wconf 90' lang='lat' dir='ltr'>truncis</span> <span class='ocrx_word' id='word_1_161' title='bbox 1844 4014 1997 4100; x_wconf 84' lang='lat' dir='ltr'>arboren</span> 
     </span>
    </p>

    <p class='ocr_par' dir='ltr' id='par_1_11' title="bbox 773 4118 2001 4379">
     <span class='ocr_line' id='line_1_26' title="bbox 773 4118 1998 4251; baseline 0.015 -49"><span class='ocrx_word' id='word_1_162' title='bbox 773 4138 816 4202; x_wconf 88' lang='lat' dir='ltr'>et</span> <span class='ocrx_word' id='word_1_163' title='bbox 848 4118 948 4202; x_wconf 77' lang='lat' dir='ltr'>saxis</span> <span class='ocrx_word' id='word_1_164' title='bbox 983 4123 1121 4232; x_wconf 86' lang='lat' dir='ltr'>paffim</span> <span class='ocrx_word' id='word_1_165' title='bbox 1155 4127 1322 4211; x_wconf 77' lang='lat' dir='ltr'>insidens</span> <span class='ocrx_word' id='word_1_166' title='bbox 1351 4132 1665 4243; x_wconf 29' lang='lat' dir='ltr'>et¹‚hirundineo</span> <span class='ocrx_word' id='word_1_167' title='bbox 1696 4142 1826 4228; x_wconf 76' lang='lat' dir='ltr'>serene</span> <span class='ocrx_word' id='word_1_168' title='bbox 1880 4143 1998 4251; x_wconf 83' lang='lat' dir='ltr'>garritu</span> 
     </span>
     <span class='ocr_line' id='line_1_27' title="bbox 773 4246 2001 4379; baseline 0.023 -47"><span class='ocrx_word' id='word_1_169' title='bbox 773 4247 994 4336; x_wconf 90' lang='lat' dir='ltr'>cantillaus.</span> <span class='ocrx_word' id='word_1_170' title='bbox 1025 4251 1130 4337; x_wconf 79' lang='lat' dir='ltr'>·Vti</span> <span class='ocrx_word' id='word_1_171' title='bbox 1161 4257 1376 4371; x_wconf 85' lang='lat' dir='ltr'>pleraeque</span> <span class='ocrx_word' id='word_1_172' title='bbox 1397 4246 1656 4373; x_wconf 55' lang='lat' dir='ltr'>&#39;motacillae</span> <span class='ocrx_word' id='word_1_173' title='bbox 1688 4265 1909 4356; x_wconf 87' lang='lat' dir='ltr'>hominem</span> <span class='ocrx_word' id='word_1_174' title='bbox 1934 4293 2001 4379; x_wconf 73' lang='lat' dir='ltr'>pn&gt;</span> 
     </span>
    </p>

    <p class='ocr_par' dir='ltr' id='par_1_12' title="bbox 1920 4419 2000 4486">
     <span class='ocr_line' id='line_1_28' title="bbox 1920 4419 2000 4486; baseline -0.1 -1"><span class='ocrx_word' id='word_1_175' title='bbox 1920 4419 2000 4486; x_wconf 77' lang='lat' dir='ltr'>arnt</span> 
     </span>
    </p>
   </div>
   <div class='ocr_carea' id='block_1_7' title="bbox 0 0 2106 5617">
    <p class='ocr_par' dir='ltr' id='par_1_13' title="bbox 0 0 2106 5617">
     <span class='ocr_line' id='line_1_29' title="bbox 0 0 2106 5617; baseline 0 0"><span class='ocrx_word' id='word_1_176' title='bbox 0 0 2106 5617; x_wconf 95' lang='lat' dir='ltr'> </span> 
     </span>
    </p>
   </div>
  </div>
 </body>
</html>
