4200 5617
379 554 744 661 citatum
805 550 1080 665 ouuvs.
1268 514 1364 681 'aas

109 793 226 885 citur.
287 792 444 885 Incessu
478 800 596 915 supra
628 792 783 889 terram
814 796 866 881 ob
899 791 1017 908 pedes
1057 790 1197 886 breues
1227 807 1371 892 tardis·
1422 821 1425 827 ·

119 926 246 1016 fimus.

259 1048 407 1142 Diaeta
442 1083 551 1144 mere
590 1046 827 1162 vegetabilis
843 1082 856 1160 3
906 1054 1101 1140 radicibus
1133 1065 1370 1169 praesertim
1486 1072 1495 1097 ‘

105 1185 348 1271 aromaticis.
397 1181 783 1292 umbellifcrarum,
834 1184 876 1265 in
932 1180 1065 1301 hortis
1121 1209 1166 1273 et
1223 1197 1374 1301 apricis

104 1315 262 1425 campis
294 1314 511 1397 obuiarum
535 1314 741 1419 miditat,
777 1334 950 1425 quatum
983 1312 1144 1399 sibrillis
1192 1318 1372 1407 albican-

107 1441 213 1525 tibus
241 1442 338 1529 bene
370 1442 643 1528 comminutis
675 1436 929 1528 ventriculus
978 1445 1136 1551 semper
1186 1450 1371 1557 repictus.

104 1570 222 1656 Faces
253 1571 296 1652 in
347 1568 502 1679 scybala
556 1568 769 1675 redadae3
816 1566 1128 1674 hybernutionis
1184 1593 1374 1685 tempore

107 1696 293 1811 pulposae
327 1698 369 1783 io
421 1723 546 1786 coeco
594 1696 844 1810 amplissimo
894 1696 1160 1807 colliguntur.
1246 1705 1374 1789 Vrina

110 1826 295 1930 turbida,
324 1826 510 1915 sabulosa·

258 1974 422 2061 Coeunt
454 1972 624 2080 aestate;
655 1972 859 2082 gregatim
895 1992 992 2060 tunc
1027 1974 1069 2059 in
1091 1993 1219 2061 terrae
1239 1979 1373 2088 super-

100 2098 206 2185 ficie
255 2099 530 2211 apparenter,
578 2104 717 2201 sexum
766 2084 949 2206 blsaciu,
1006 2128 1083 2213 quo
1131 2104 1376 2209 excellunt,

93 2230 421 2337 distinguentes3
465 2231 614 2316 semina
649 2228 758 2342 parit
785 2231 920 2341 pullos
950 2231 1051 2315 duos
1103 2230 1150 2316 ad
1203 2254 1376 2343 quatuor

97 2360 156 2443 de
196 2334 387 2467 tempor'e
416 2359 642 2446 durationis
674 2361 930 2466 grauiditatis
974 2359 1032 2442 nil
1065 2361 1177 2445 nobis
1210 2364 1374 2447 constat.

90 2481 344 2595 Pulicibus,
377 2512 457 2571 non
489 2484 714 2596 pediculis,
747 2487 971 2571 obnoxium
1012 2473 1325 2575 animalculum.

259 2630 410 2745 Spolax
441 2629 776 2746 micrnphtbolmttr
805 2657 828 2717 a
858 2630 970 2713 nobis
1007 2651 1047 2715 et
1097 2630 1285 2722 historice
1333 2656 1376 2723 et

84 2761 361 2867 anatomice‚
414 2778 458 2845 et
496 2757 783 2873 physiologice
829 2758 1051 2869 descriptus
1094 2757 1248 2847 habitat
1294 2768 1377 2851 sre-

85 2889 361 3001 quentissime
412 2891 455 2971 in
511 2888 665 2994 campis
712 2886 859 2995 apricis
921 2886 1150 2975 vastissimis
1213 2895 1376 2981 desertis
1510 2967 1516 2979 .

82 3018 391 3105 tanaicenlibus·
415 3038 462 3099 ac
495 3018 539 3101 in
572 3015 674 3101 uicis
707 3013 924 3125 hortisque
959 3014 1124 3104 vicinis.

125 3344 128 3353 ι
264 3274 560 3413 Explicatis
619 3265 956 3504 llllllmml
1036 3296 1088 3375 et
1144 3272 1378 3381 staurium

72 3398 308 3535 spalacis
356 3396 644 3533 nictophth
744 3406 794 3529 ',
846 3426 897 3503 et
947 3402 1104 3503 varias
1156 3402 1377 3509 eiusdem

67 3531 282 3661 capitis
315 3557 480 3664 partes
536 3526 745 3631 nawali
797 3525 1138 3658 magnitudine
1188 3558 1378 3661 ceptae·
1522 3649 1526 3660 ,

72 3658 422 3765 sentantium.
1515 3685 1519 3702 ⁶
1573 3698 1580 3717 ¹

159 3828 261 3935 fig.
305 3853 344 3907 1.
379 3818 472 3908 Offa
501 3817 645 3933 capitis
695 3842 736 3905 a·
768 3814 895 3905 latere
928 3819 1078 3906 dextro
1106 3820 1251 3935 absque
1286 3838 1594 3921 mat-*raum
1679 3822 1684 3829 ’

1551 3926 1591 3935 -a

68 3951 207 4044 xilla
250 3950 457 4039 interiore.

159 4148 205 4208 a.
239 4142 286 4205 us
317 4114 410 4207 nafi.

162 4246 211 4336 h.
245 4245 327 4333 olla
372 4242 503 4333 rostri.

160 4400 212 4469 c.
245 4372 326 4467 ossa
374 4369 574 4465 frontalia.

675 4498 828 4595 1112
950 4498 953 4505 ’
1220 4494 1380 4614 illim
