4200 5617
308 521 584 628 Morus
642 515 1155 622 FLVIDORVM.
1266 535 1361 628 275

106 772 253 859 omnia
284 769 335 854 ad
366 763 505 853 locum
538 761 608 848 ubi
641 756 733 848 hoc·
751 756 1006 846 elementum
1044 753 1152 868 post·
1185 767 1366 864 tempus·

105 901 253 986 tulum
288 899 349 983 dt
383 893 562 982 haerebit
592 893 787 1002 respicere
831 887 1050 993 debemus,
1102 885 1176 994 qui
1226 882 1258 967 st
1303 878 1369 964 hit

105 1033 352 1119 coordinatis
382 1026 549 1121 variatis
579 1018 740 1123 x÷d
750 1040 805 1120 x,
828 1013 1044 1121 y-t-dy,
1090 1012 1250 1110 z-t-ri
1296 1011 1371 1102 in·

106 1165 298 1261 dicetur,
330 1178 475 1242 uerum
508 1147 713 1235 deoiitatis
744 1149 1046 1230 incrementum
1079 1143 1159 1226 erit
1358 1135 1362 1146 '

207 1278 1073 1439 req-2)aequaeuo-Defertu-

106 1491 302 1605 Haecque
333 1493 473 1577 erdem
524 1493 662 1576 cautio
708 1487 928 1577 adhibenda
973 1494 1062 1599 est,
1112 1490 1144 1576 fi
1193 1467 1374 1574 eius'dem

108 1624 230 1710 fluidi
262 1619 460 1723 elementi
489 1621 596 1730 quod
642 1643 750 1704 nune
797 1622 843 1705 io
890 1613 932 1708 Z
980 1622 1200 1724 uersatur,
1242 1617 1376 1727 elapso

106 1750 369 1865 tempusculo
401 1749 464 1833 dr
497 1747 576 1834 fiue
610 1750 849 1860 preffionem
893 1749 979 1834 fiue
1026 1769 1197 1838 motum
1234 1745 1375 1846 ,ternis

105 1880 385 1968 celerioribus
416 1908 457 1988 u,
485 1904 529 1984 u,
558 1903 599 1960 ru
646 1878 970 1968 determinatum
1021 1879 1215 1986 affigoare
1261 1872 1376 1958 debe-

107 2032 221 2098 mus.
259 2114 263 2122 Ι
294 2009 413 2116 Quae
445 2004 585 2091 caurio
615 2023 665 2084 eo
698 2004 828 2118 tnagis
857 2005 912 2090 est
945 2003 1150 2091 necessaria
1178 2020 1222 2094 et
1262 2002 1380 2088 omni

109 2161 221 2222 cura
271 2133 538 2238 inculcanda,
583 2132 693 2242 quod
742 2154 788 2216 ea
821 2133 873 2217 ob
901 2115 1138 2221 attentionis
1178 2131 1380 2220 uernum

108 2255 309 2386 negie'tia·
333 2266 378 2350 in
410 2260 663 2374 grauiffimos
691 2285 850 2348 errores
899 2265 1081 2354 incidere
1114 2260 1331 2380 possemus.

473 2480 894 2604 SchoHon
977 2523 1027 2602 2

272 2727 315 2813 7.
361 2707 429 2795 Ad
492 2724 661 2794 motum
721 2731 846 2820 porro
892 2705 1011 2791 fluidi
1062 2711 1386 2819 cognoscendum

105 2841 298 2928 omnino
328 2833 472 2924 necem
501 2840 559 2921 est
590 2842 681 2919 cius
708 2837 1012 2920 elementorum
1040 2847 1201 2924 ’motus
1252 2841 1387 2951 noise,

108 2971 373 3079 minimeque
406 2966 577 3070 iufficit‚
610 2966 675 3049 uti
704 2967 747 3046 in
780 2964 1019 3074 corporibus
1048 2967 1184 3054 solidis
1212 2971 1293 3054 usu
1318 2995 1390 3056 ve·

105 3101 212 3182 nire
242 3095 375 3202 solet,
424 3094 585 3205 aliquot
616 3110 781 3179 tantum
815 3093 1064 3203 punitorum
1108 3118 1273 3184 motum
1323 3103 1389 3184 in-

107 3225 340 3333 uestigaffe.
453 3223 503 3308 In
537 3240 656 3308 moru
698 3221 848 3308 scilicet
892 3229 1112 3330 corporum
1163 3228 1388 3312 solidorum

112 3356 399 3459 rigidorum,
454 3351 587 3437 stetim
637 3379 683 3438 ac
733 3353 865 3436 trium
917 3350 1169 3457 punitorum
1228 3382 1311 3442 non
1346 3356 1388 3439 in

110 3480 348 3576 direiium-
378 3479 552 3572 sutorum
603 3492 744 3565 motus
809 3481 1072 3586 innotuerit,
1127 3482 1217 3568 inde
1265 3484 1391 3570 snnui

105 3610 330 3696 omnium
363 3606 620 3714 reliquorum
662 3607 912 3717 praetorum
931 3612 1057 3692 totius
1084 3618 1266 3730 corporis
1301 3637 1391 3698 mo·—

108 3758 195 3824 tus
231 3735 462 3837 definitur,
503 3751 549 3825 e'c
583 3735 612 3818 fi
652 3760 799 3846 corpus
849 3734 1013 3821 flexuris
1061 3736 1112 3822 fit
1162 3747 1392 3850 praeditum

106 3864 322 3981 plurium
348 3861 521 3974 ,quidem
540 3865 787 3974 punitorum
805 3869 943 3949 morus
971 3867 1020 3951 ed
1054 3865 1180 3951 totius
1208 3875 1394 3984 corporis

109 4013 299 4084 motum
338 3992 618 4080 definiendum
651 3995 912 4105 requiritur,
942 4020 1089 4080 eorum
1131 4011 1268 4088 tnr'nen
1318 4026 1395 4084 nu·

106 4148 274 4212 morus
302 4123 551 4232 semper-est
581 4119 736 4208 finitus.
766 4125 816 4221 ln
865 4121 999 4208 fluidis
1044 4147 1185 4213 autem
1217 4131 1396 4240 ‘ungula

108 4258 343 4375 elementa
373 4268 492 4336 motu
527 4252 722 4362 peculiari
754 4255 850 4338 ferri
884 4253 1060 4366 possunt,
1093 4259 1217 4344 itaut
1248 4266 1397 4348 etiam*-
1505 4315 1506 4318 κ

106 4377 320 4476 -fimilie
351 4378 648 4498 particulorum
680 4402 847 4492 morum
869 4382 1397 4494 exploratumhaberemus',

694 4511 746 4600 M
764 4537 808 4598 m
844 4537 870 4596 2
1287 4535 1399 4602 totus
