4200 5617
714 499 803 604 27⁶
1026 485 1127 578 on
1190 481 1648 582 rnrncraus

706 745 814 813 totus
846 739 984 804 tamen
1019 735 1158 800 motus
1190 715 1240 799 iis
1270 717 1455 804 nondum
1490 716 1860 807 otorantinam
1884 709 1976 804 Ness

706 875 785 963 que
819 869 956 932 tamen
989 848 1179 931 omnium
1212 847 1512 932 elementorum
1547 867 1683 934 motus
1717 848 1808 936 ideo
1839 853 1970 935 neuti-

707 1002 888 1091 quama
930 977 966 1061 se
1010 993 1156 1061 mutuo
1204 977 1376 1086 pendero
1427 979 1518 1061 sunt
1564 977 1779 1082 censendi,
1832 978 1968 1088 qundfi
2050 1035 2051 1044 a

706 1111 822 1192 enim
855 1103 1024 1188 deniitas
1059 1106 1176 1189 fluidi
1228 1107 1388 1189 nullam
1440 1108 1714 1192 mutationem
1768 1111 1969 1216 patiatur,
2050 1081 2051 1108 Ν

682 1238 874 1353 ίειιίὀειις
904 1235 959 1317 est
991 1232 1166 1343 fingulas
1199 1221 1414 1344 particulas
1447 1220 1527 1320 non
1561 1239 1618 1320 ita
1659 1253 1818 1350 temere
1875 1265 1969 1348 pro·

712 1366 837 1454 fluere
869 1359 1006 1475 poffe,
1040 1383 1088 1449 vt
1123 1361 1190 1448 rel
1223 1367 1266 1447 in
1288 1367 1418 1449 maius
1450 1365 1625 1476 spatium
1657 1363 1968 1476 dispergantur,

710 1496 780 1581 rel
815 1494 855 1576 in
892 1492 1030 1574 minus
1072 1493 1413 1611 compellantur,
1465 1496 1570 1581 unde
1619 1511 1729 1577 certa
1777 1499 1970 1604 quaedam

710 1623 894 1711 conditio
926 1624 1036 1705 inter
1068 1621 1319 1730 singularum
1370 1621 1663 1734 particularum
1713 1626 1851 1709 morus
1904 1629 1971 1712 sta·

710 1755 865 1840 bilitur.
903 1760 963 1838 At
992 1751 1151 1836 etiamii
1185 1751 1357 1838 fluidum
1408 1752 1725 1848 condensationis
1771 1771 1811 1836 et
1860 1783 1975 1842 rare·

707 1881 896 1968 factionis
930 1879 979 1964 fit
1011 1905 1171 1991 capax,
1206 1898 1344 1965 tamen
1396 1879 1487 1963 talis
1535 1882 1709 1965 mutatio
1745 1907 1825 1968 non
1880 1885 1977 1970 sine

709 2010 888 2121 respectu
919 2012 969 2093 ad
1003 2010 1246 2117 preffionem
1280 2004 1418 2092 habito
1451 1991 1613 2094 euenire
1630 2007 1787 2127 nequir,
1815 2036 1870 2094 ex
1887 2039 1979 2122 quo

708 2142 762 2228 ob
793 2139 1033 2251 preffionem
1072 2163 1224 2252 omnes¹
1247 2139 1438 2222 omnium
1491 2136 1786 2248 particularum
1836 2161 1975 2227 motus

707 2291 819 2356 certa
850 2271 1026 2378 quadam
1045 2265 1133 2374 lege
1176 2263 1440 2350 ·limirantur.
1535 2267 1642 2352 Haec
1701 2286 1842 2351 autem
1893 2272 1971 2382 ipsa

707 2400 912 2486 limitatio
950 2396 993 2480 in
1046 2393 1200 2482 theoria
1252 2415 1388 2480 motus
1428 2393 1653 2480 fluidorum
1704 2399 1969 2508 praecipuum

704 2546 832 2639 caput
859 2526 1071 2610 constituit·
1114 2524 1223 2637 quod
1273 2552 1324 2610 eo
1356 2524 1489 2610 reduci
1534 2523 1651 2610 faciie
1700 2528 1967 2637 perspicitur,

705 2676 757 2741 ut
790 2673 911 2742 motu
945 2658 1140 2772 omnium
1174 2651 1514 2755 elementorum,
1546 2674 1594 2738 vt
1624 2656 1801 2760 cognito
1828 2659 1971 2768 speeta-
2050 2733 2051 2774 p

707 2803 785 2890 to,
829 2785 1004 2870 variatio
1042 2806 1140 2866 cum
1192 2781 1395 2870 densitatis
1445 2803 1536 2870 tum
1588 2805 1728 2871 motus
1776 2787 1977 2902 cuiusque

705 2913 853 3028 pondi
902 2913 1188 3024 investigetur.
1777 2999 1782 3012 ,

1084 3099 1502 3229 Schofion
1575 3147 1626 3265 a
2050 3161 2051 3230 i

729 3331 732 3334 ’
867 3331 903 3408 8.
975 3313 1166 3442 Quatuor
1230 3325 1302 3413 illa
1370 3331 1499 3442 capita
1544 3333 1689 3444 quibus
1748 3329 1967 3442 pernetam

708 3449 904 3537 notitiam
926 3476 1073 3548 ‚motus
1106 3457 1329 3544 fluidorum
1377 3465 1576 3547 contineri
1624 3462 1835 3571 diximus,
1884 3467 1967 3547 for·

709 3581 803 3665 taffe
835 3579 933 3709 huic
963 3589 1083 3700 scopo
1115 3590 1299 3674 nondum
1333 3585 1514 3678 sufficere
1545 3593 1819 3699 videbuntur,
1863 3617 1968 3704 quo·

703 3711 822 3816 ,niam
857 3713 1107 3824 pierumque
1139 3721 1187 3803 ad
1219 3719 1357 3826 plures
1396 3719 1491 3806 alias
1538 3723 1857 3808 circumstantias
1911 3727 1972 3806 at·-

710 3842 820 3923 tendi
854 3840 1001 3924 neceffe
1032 3841 1118 3950 est,
1170 3845 1305 3934 veluti
1340 3845 1368 3931 st
1403 3848 1578 3938 fluidum
1611 3851 1696 3934 vasi
1736 3852 1785 3936 fit
1838 3850 1971 3934 inclu-

702 3969 830 4073 sum,
883 3993 957 4076 per
990 3973 1098 4080 quod
1131 3975 1199 4060 vel
1233 3975 1475 4083 transfluat,
1521 3980 1590 4064 vel
1623 4003 1676 4062 ex
1713 4003 1797 4090 quo
1829 3981 1971 4066 effluat

707 4095 758 4176 ad
791 4097 964 4200 quoduis
997 4119 1161 4212 tempus
1188 4127 1351 4216 quoque
1385 4111 1491 4194 noiie
1523 4129 1719 4218 oportet,
1763 4133 1972 4224 quousque

707 4216 886 4306 fluidum
910 4226 964 4323 ¹in
997 4233 1087 4315 vase
1120 4235 1386 4343 porrigatur,
1418 4237 1623 4348 simulque
1657 4239 1763 4322 nafis
1794 4239 1974 4348 figuram

705 4352 831 4467 probe
863 4356 1111 4475 perspediam
1142 4361 1216 4451 effe
1245 4385 1438 4480 oportet:
1485 4386 1576 4454 turn
1609 4365 1640 4459 fi
1672 4391 1752 4484 qua
1785 4372 1829 4455 in
1865 4389 1978 4480 parte

1243 4555 1246 4560 -
1795 4499 1984 4590 fluidum
