4200 5617
715 500 803 593 art
1023 467 1124 565 tan
1188 459 1646 564 intuctttts

1112 689 1543 814 SchoHon.

866 936 938 1018 53.
973 915 1090 1004 Prior
1122 939 1221 1022 ergo
1259 905 1475 1018 integratio
1506 906 1577 996 etst
1613 906 1656 990 in
1690 926 1835 1012 genere
1885 895 1963 994 sue·¹
2026 894 2027 982 Ϊ

717 1040 826 1128 ceffit
858 1051 933 1130 vix
966 1068 1106 1142 tamen
1136 1047 1356 1154 quicquam
1390 1045 1502 1128 affert
1534 1033 1687 1123 subsidii
1719 1036 1771 1117 ad
1809 1040 1965 1145 proble·
2027 1130 2028 1160 ,

716 1196 786 1255 ma
817 1173 1073 1286 propolitum
1106 1171 1392 1256 resoluendum
1435 1170 1630 1280 quoniam
1680 1163 1966 1250 determinatio

718 1323 858 1386 earum
913 1304 1209 1407 lunstionum,
1259 1322 1355 1407 quas
1406 1321 1482 1409 pto
1533 1294 1656 1378 ternis
1705 1291 1967 1376 celeritatibus
2028 1366 2029 1456 l

718 1451 766 1528 tt,
789 1453 817 1511 u
840 1445 880 1512 et
903 1457 943 1512 tu
975 1433 1228 1532 inuenimus,
1258 1445 1306 1510 tt
1337 1425 1543 1510 formula:
1576 1417 1965 1524 deldel-Wdt
2028 1481 2029 1484 a

723 1555 967 1661 integrabilis
998 1559 1176 1663 euadat,
1209 1581 1258 1638 ne
1275 1555 1502 1638 minimum
1535 1550 1701 1660 quidem
1736 1547 1968 1636 subleuatttt.

723 1686 787 1763 Ac
823 1687 1091 1770 temerarium
1124 1701 1233 1768 certe
1267 1681 1402 1790 foret,
1434 1684 1477 1764 in
1519 1699 1604 1764 tam
1637 1677 1761 1760 ardua
1803 1675 1971 1764 investi·

722 1812 884 1915 gecione
932 1813 1091 1900 facilem
1145 1809 1433 1895 resolutionem
1477 1812 1667 1920 sperare,
1727 1827 1827 1889 cum
1878 1806 1974 1890 adeo

721 1939 1010 2025 determinatio
1059 1957 1200 2023 motus
1244 1962 1464 2048 corporum
1515 1933 1735 2020 solidorum
1778 1937 1975 2018 maximis

721 2061 773 2146 fit
801 2067 1109 2152 difficultatibus
1142 2066 1321 2152 subiedia.
1387 2061 1476 2152 Etsi
1510 2065 1624 2149 enim
1656 2085 1736 2188 pto
1781 2058 1845 2144 his
1892 2084 1973 2146 cot·

721 2194 884 2301 poribus
915 2193 1093 2282 euoluris
1123 2197 1375 2302 casus,.quo
1400 2191 1542 2292 ,nullae
1575 2195 1717 2279 adsunt
1767 2188 1876 2276 vires
1907 2191 1973 2276 sol·

721 2316 952 2427 licitantes,
980 2327 1145 2408 tandem
1175 2322 1346 2410 elicior
1376 2323 1433 2406 est
1463 2324 1614 2425 effren,
1649 2339 1786 2406 tamen
1818 2320 1970 2404 nullum

725 2447 846 2559 plane
877 2451 933 2534 est
964 2453 1167 2559 dubium,
1198 2453 1298 2560 quin
1319 2471 1450 2536 motus
1483 2449 1706 2535 fluidorum
1743 2446 1969 2535 multoma-

728 2578 790 2681 git
824 2575 874 2660 lit
907 2577 1166 2668 absconditus.
1209 2577 1277 2662 Ex
1309 2599 1391 2685 quo
1424 2573 1749 2686 inuestigatione'e
1780 2603 1832 2663 eo
1862 2579 1968 2684 dirigi

728 2707 975 2830 conueniet,
1005 2727 1052 2792 vt
1096 2705 1235 2792 saltem
1292 2707 1334 2788 in
1386 2709 1522 2818 plures
1567 2706 1675 2793 casus
1730 2707 1969 2817 particulares
2014 2807 2019 2828 Ι

728 2832 1024 2942 inquiramus,
1051 2837 1195 2938 quibus
1229 2853 1369 2918 motus
1401 2836 1619 2921 fluidorum
1650 2833 1822 2919 definire
1859 2835 1968 2918 liceat.

731 2966 792 3045 Ac
824 2964 963 3070 primo
994 2967 1161 3073 quidem
1199 2981 1336 3045 motus
1367 2963 1436 3048 ille
1469 2963 1537 3048 fibi
1572 2964 1787 3076 parallelus
1803 2963 1838 3047 se
1867 2969 1970 3049 offert

730 3113 817 3204 quo
850 3089 1023 3173 fluidum
1059 3091 1217 3204 perinde
1249 3117 1294 3174 ac
1335 3115 1482 3204 corpus
1527 3093 1700 3178 solidum
1753 3095 1970 3202 progeditur

731 3241 857 3328 quem
895 3219 1043 3301 idcirco
1076 3219 1302 3303 accuratius
1333 3221 1610 3332 perpendille‚
1661 3243 1706 3308 et
1739 3245 1786 3302 ex
1831 3221 1967 3303 nolitis

727 3345 921 3430 formulis
951 3345 1142 3430 deritntro
1176 3345 1279 3430 haud
1314 3373 1459 3456 patum
1493 3351 1680 3433 iuuabit:
1711 3351 1973 3432 Totumueto

731 3475 945 3578 negotium
995 3475 1099 3558 haud
1153 3476 1408 3560 mediocriter
1462 3477 1764 3578 il'ullrabitur,
1817 3475 1850 3560 st
1897 3497 1973 3561 aute

731 3602 868 3695 casum
901 3625 983 3708 quo
1016 3622 1150 3687 ternae
1182 3603 1404 3688 celeritates
1435 3605 1553 3713 plane
1584 3615 1858 3714 euanelcunt,
1898 3629 1973 3688 exa·

734 3731 837 3814 mini
879 3728 1153 3832 subiiciamus,
1185 3731 1255 3826 etsr
1290 3735 1403 3818 enim
1436 3731 1490 3817 stc
1523 3737 1658 3818 omnis
1693 3759 1838 3819 motus
1879 3735 1973 3820 tolli·

732 3877 801 3942 tur
834 3874 876 3941 et
909 3881 970 3939 res
1001 3861 1048 3942 ad
1079 3860 1367 3966 aequilibrium
1403 3865 1674 3974 perducitur,
1715 3885 1855 3947 tamen
1889 3889 1975 3974 quo·

734 3987 846 4068 niam
883 3984 1026 4090 pteffio
1059 3985 1261 4070 variabilis
1291 3990 1367 4071 else
1398 3995 1553 4098 potest,
1588 3992 1788 4076 norrnulla
1822 3990 1891 4074 bic
1919 3995 1976 4074 ob-

731 4109 916 4193 seruanda
947 4129 1174 4222 occurrent,
1205 4138 1305 4227 quae
1341 4117 1647 4228 insequentibus
1684 4119 1872 4206 vtlltrare
1908 4141 1976 4203 nou
2034 4141 2035 4234 f

734 4235 931 4322 carebunt.
1135 4239 1137 4246 ’
1534 4237 1538 4248 “

1840 4421 1984 4515 Proble
