4200 5617
715 457 818 654 aaa
1021 509 1244 626 ouva
1305 507 1704 628 sennaar·
1765 513 1777 528 ⁸

716 770 902 862 tranfibit
934 765 978 852 in
1011 767 1199 858 tunicam
1230 761 1383 856 vitelli.
1447 764 1578 852 Porro
1605 759 1739 876 plicae
1769 756 1817 846 io
1850 783 1973 852 men.

715 906 838 994 brana
869 895 1006 989 uitelli
1034 899 1232 1002 exteriori
1267 897 1371 981 inter
1398 895 1643 1042 embryones
1673 911 1718 978 et
1751 888 1894 978 bullae
1938 895 1976 980 l·

590 1065 596 1074 ·
719 1027 841 1120 miles
871 1046 913 1115 et
946 1031 1174 1115 conformes
1205 1025 1305 1129 illis,
1338 1041 1436 1138 quas
1468 1026 1514 1108 in
1550 1022 1735 1111 interiori
1757 1023 1974 1110 membrana

718 1163 765 1249 in
801 1161 947 1246 eodem
980 1156 1072 1244 loco
1102 1157 1346 1265 domuimus,
1376 1155 1468 1242 fatis
1484 1156 1698 1239 euidenter
1716 1151 1973 1238 demonstran

719 1289 824 1376 hanc
857 1285 1144 1373 membranam
1175 1305 1302 1397 aeque
1349 1309 1397 1371 ac
1440 1285 1689 1370 interiorem
1742 1280 1789 1363 in
1842 1264 2032 1411 bolani

716 1415 925 1504 extensam
957 1413 1069 1502 fuisse
1089 1439 1243 1528 ,quae
1290 1414 1445 1530 quippe
1492 1423 1601 1500 nunc
1647 1405 1832 1498 resoluta
1881 1382 2031 1496 illm

721 1549 985 1638 membranae
1018 1545 1231 1634 laxitatem
1272 1539 1638 1656 reliquerit·

859 1765 947 1852 liae
979 1766 1139 1854 ratione
1171 1765 1303 1870 igitur
1320 1762 1369 1850 de
1385 1764 1486 1851 statu
1518 1763 1739 1872 praeterito
1770 1759 1969 1850 huiusmi

722 1894 837 1982 tertii
871 1905 1019 2004 nempe
1048 1915 1091 1980 et
1122 1898 1256 2006 quarti
1290 1894 1370 1979 diei
1403 1894 1572 1999 constat,
1602 1897 1693 2009 qui,
1724 1918 1816 1980 non
1859 1897 1971 1978 trinus
2031 1968 2032 1971 γ

721 2047 849 2138 quam
872 2023 1081 2132 praesens,
1110 2025 1327 2132 langularia
1356 2026 1445 2109 fuit.
1476 2022 1662 2138 Quilibet
1691 2024 1877 2129 embryo
1898 2049 1969 2132 pro

720 2155 819 2267 prio
848 2150 922 2240 suo
954 2139 1105 2243 amolo
1127 2159 1300 2270 spurio,
1332 2173 1616 2265 praetereaque
1664 2149 1752 2238 alto
1805 2153 1971 2237 interiori

722 2281 896 2370 indutus
942 2281 1064 2390 fuit,
1112 2286 1222 2395 quo'd
1253 2289 1400 2396 'neque
1448 2289 1599 2367 rerum
1647 2281 1829 2392 proprie
1875 2303 1976 2392 neque

720 2406 910 2530 spurium
943 2412 1097 2506 censeri
1136 2414 1295 2525 poteli·
1325 2413 1404 2498 md
1454 2414 1642 2498 medium
1687 2410 1814 2524 quast
1857 2414 1980 2498 locum

722 2537 831 2628 inter
862 2555 1084 2649 utrumque
1117 2559 1259 2649 tenet,
1305 2549 1385 2629 et
1396 2547 1533 2626 tamen
1581 2543 1727 2628 ricem
1777 2542 1871 2630 veri
1908 2543 1978 2628 boe

720 2655 911 2780 tempore
945 2671 1124 2780 praellae
1189 2606 1409 2789 Reipetiu
1410 2668 1599 2794 figurae
1610 2682 1676 2756 et
1668 2672 1980 2785 compofttionia

720 2797 857 2887 limile
887 2798 993 2886 illud
1024 2800 1081 2886 etl
1101 2803 1277 2888 amnio
1285 2801 1439 2915 spurio,
1468 2801 1671 2910 liquidem
1686 2810 1782 2890 no'tt
1792 2803 1983 2911 integram

720 2926 898 3014 deliram
932 2933 1087 3036 refert,
1117 2927 1226 3016 fed
1211 2957 1256 3015 tn
1287 2949 1401 3042 parte
1414 2930 1634 3042 superiori
1680 2949 1876 3041 apermm
1926 2934 1987 3018 cib

720 3052 924 3168 Respedu
957 3069 1124 3144 naturae
1157 3061 1428 3164 membranae,
1460 3083 1539 3170 qua
1549 3059 1716 3169 constat,
1745 3077 1791 3145 et
1804 3063 1991 3171 respecto

721 3185 841 3272 ortus
871 3193 924 3272 dx
957 3195 1048 3270 cute
1079 3188 1311 3274 abdominis
1330 3186 1486 3274 ‘amolo
1517 3200 1620 3277 uero
1643 3187 1782 3272 limile
1809 3191 1876 3274 eii·

418 3459 425 3478 Ι
514 3403 712 3482 (mnu
873 3353 997 3478 Quod
1045 3365 1226 3457 areolam
1276 3365 1528 3480 pellucidam
1575 3368 1761 3476 attinet,
1809 3365 1996 3455 nullum

514 3505 560 3582 do
585 3507 695 3582 areola
717 3481 893 3578 dubium
926 3491 996 3600 eii,
1027 3520 1137 3606 eam,
1170 3499 1236 3583 uti
1248 3496 1532 3606 uasculofam,
1562 3501 1722 3585 unicam
1747 3494 1996 3609 {implicem

514 3605 691 3708 1011111111
722 3617 837 3708 fuiffe
885 3626 1053 3738 utrique
1101 3626 1317 3734 embryoni
1366 3649 1650 3714 communem.
1711 3625 1841 3715 Licet
1894 3635 1998 3715 enim

511 3743 515 3754 '
571 3736 591 3772 Χ
718 3741 861 3835 diebus
893 3753 1242 3863 praecedentibus,
1276 3776 1358 3865 quo
1391 3775 1581 3870 tempore
1612 3754 1687 3842 illa
1721 3753 1888 3860 floret,
1917 3779 2000 3868 pars

719 3871 1061 3966 membranarum
1090 3880 1224 3968 uitelli
1255 3888 1400 3994 rugosa
1433 3887 1726 3994 embryouibus
1759 3889 2000 3972 intermedia

716 3999 807 4091 ¹aton
840 4008 1048 4096 consumta
1081 4008 1210 4098 luiffet
1259 4012 1304 4097 in
1352 4018 1571 4102 formandis
1619 4015 1821 4102 amoiis·
1875 4039 1998 4100 tamen

717 4127 806 4218 boc
851 4135 1039 4243 ipatinm
1079 4141 1371 4228 intermedium
1424 4145 1550 4228 nimis
1596 4144 1721 4252 longe
1781 4147 2000 4255 angulum

659 4259 855 4366 effer,
885 4279 951 4348 ιιι
964 4267 1140 4392 duplicis
1171 4267 1326 4359 areolae
1357 4273 1562 4360 distineor
1613 4292 1749 4388 partes
1815 4275 2004 4362 dimidiae

722 4381 771 4482 'in
802 4414 853 4477 eo
881 4385 1168 4518 'repraesentari
1198 4394 1356 4518 pollina.
1418 4401 1575 4522 Quodss
1614 4429 1722 4494 tero
1770 4405 2008 4526 supponas,

1963 4558 2011 4624 ΘΧ
