4200 5617
202 460 217 521 ³
313 532 610 635 noras
669 532 1176 635 tavanorum.
1293 556 1383 647 aar

123 771 168 857 in
214 792 293 883 qua
337 770 598 885 aequatione·
623 762 876 859 differentiali
924 770 1049 882 probe
1092 768 1389 857 obseruandum

125 899 210 1003 est,
260 920 423 1011 tempus
471 919 491 986 r
540 900 718 986 constans
747 891 892 979 affumi
926 896 1118 1007 solasque
1136 901 1386 1014 coordinatas

121 1026 303 1115 initiales
336 1032 396 1138 X,
429 1022 562 1135 Y,Z
610 1044 658 1111 rt
709 1023 925 1114 variabiles
973 1030 1150 1115 traebari.
1249 1013 1386 1145 Quare

117 1180 218 1241 cum
248 1183 292 1266 x,
311 1184 361 1265 y,
389 1184 417 1242 a
447 1160 608 1263 insuper
656 1172 821 1264 ternpus
868 1174 888 1239 r
938 1158 1191 1262 inuoluant,
1240 1180 1412 1245 earum.

116 1285 396 1373 differentialia
427 1282 504 1391 dx,
531 1282 613 1389 dy,
634 1282 695 1369 dz
727 1280 828 1372 huic
880 1286 1106 1391 conditioni
1154 1284 1385 1369 conformi·

116 1433 185 1499 ter
232 1418 326 1506 suut
355 1412 558 1521 capienda.
617 1406 740 1527 eum,
765 1433 910 1517 autem,
938 1413 1137 1521 integrale
1166 1415 1287 1500 firerit
1317 1416 1385 1499 in·
1442 1490 1444 1499 ,
1517 1402 1520 1407 ’

115 1560 325 1649 uentum,
374 1538 466 1627 loco
512 1540 728 1647 conibentia
749 1560 756 1569 ’
775 1545 814 1631 ei
865 1566 1151 1658 quamcunque
1184 1543 1385 1657 temporis

119 1672 372 1761 bauionem
405 1671 524 1758 adiici
556 1674 776 1769 conueniet

532 1808 806 1932 Coroll.
897 1858 939 1932 r.
1246 1962 1248 1969 ,

142 1999 178 2029 ’·
273 2015 376 2092 124.
397 1975 761 2102 ¹Quemadmodum
794 1988 989 2100 posterior
1020 1986 1208 2098 aequatio
1237 2014 1290 2077 ex
1307 1991 1381 2075 tri-

114 2122 193 2207 bua
223 2118 278 2205 est
310 2137 433 2225 nata,
481 2120 539 2202 ita
570 2124 695 2205 etiarn
729 2139 813 2205 tres
843 2120 1028 2207 continet
1076 2114 1381 2209 determinatio·
1481 2205 1516 2219 Μ

116 2274 224 2356 nes,
276 2250 419 2361 quibus
467 2248 729 2334 efficiendum
760 2250 814 2333 est
847 2268 972 2335 ntea
1006 2249 1257 2355 integrabilis
1285 2272 1381 2333 eua-

110 2380 201 2463 dat.
293 2378 499 2484 Adiubsta
529 2401 629 2485 ergo
660 2374 824 2491 priori,
879 2381 1119 2489 insuperque
1150 2400 1201 2462 ex
1237 2396 1381 2481 natura

110 2504 235 2593 fluidi
269 2504 465 2609 relatione
498 2506 604 2591 inter
636 2502 949 2593 densitatem‘et
966 2502 1377 2619 preffione'm,omni-

111 2662 174 2722 no
204 2630 617 2747 quinque'habentu'r
648 2634 1031 2741 determinationes,
1079 2632 1250 2741 ideoque
1284 2652 1377 2740 tot,

106 2785 217 2877 quot
264 2790 366 2876 opus
414 2766 469 2851 eii
499 2769 547 2851 ad
582 2765 764 2877 quinque
794 2764 1018 2879 funobionea
1046 2760 1235 2873 quaesitas
1268 2783 1311 2869 x,
1332 2743 1383 2869 y,‘

97 2920 157 3004 ‚z‚
187 2921 227 3007 q,
250 2912 283 3010 p
311 2892 567 2982 definiendas.
1164 2898 1167 2903 ’

513 2976 969 3133 Corolia.

272 3213 368 3294 125.
419 3187 618 3301 Integrali
666 3212 811 3279 autem·
839 3160 1073 3300 posterioris
1121 3186 1379 3296 ‚aequatiouir

108 3302 315 3429 inuento,
364 3319 397 3405 fi
435 3338 530 3403 turn
561 3320 820 3428 coordinatur
851 3318 912 3422 X,
946 3316 1004 3422 Y,
1037 3309 1079 3399 Z
1112 3318 1379 3411 vttonstan·

105 3464 180 3531 tes
225 3432 479 3559 spectentur,
526 3468 568 3533 et
611 3448 747 3533 solum
798 3467 964 3552 tempus
998 3460 1031 3523 -r
1082 3440 1272 3527 variabile
1310 3469 1375 3529 ac-

97 3578 323 3687 cipiatur,
352 3563 562 3659 habebitur
594 3595 706 3659 totus
740 3592 878 3681 motus
908 3569 991 3655 eiua
1026 3570 1247 3675 particulae
1279 3569 1377 3655 flui-

98 3698 181 3808 di,
212 3730 315 3811 quae
344 3703 466 3790 initio
493 3719 582 3789 erat
611 3705 654 3787 in
688 3696 748 3808 Z3
780 3700 952 3799 indeque
982 3697 1031 3779 ad
1062 3699 1236 3806 quoduis
1268 3718 1377 3785 tern-

98 3856 190 3944 pus
222 3851 309 3915 tam
342 3831 604 3936 eiuaiocus,
652 3849 893 3932 carnotus,
940 3846 1068 3935 quam
1116 3823 1285 3913 denfitas
1333 3844 1375 3913 et

97 3960 259 4075 preffio
287 3961 477 4070 augien
513 3961 673 4073 poterit.

410 4176 414 4186 ·
539 4095 841 4219 Coroll
902 4132 1005 4255 3.-

273 4288 372 4369 126.
401 4278 445 4369 Si
479 4281 548 4365 issa
581 4276 812 4391 particule,
850 4297 950 4386 quae
983 4270 1105 4357 initio
1136 4289 1222 4357 erat
1255 4274 1295 4355 in
1332 4266 1372 4357 Z

98 4411 275 4503 nullam
325 4411 523 4499 deufitatis
572 4410 844 4498 mutationem
892 4403 1120 4511 admittat,
1169 4421 1370 4515 perpetuo

683 4533 863 4639 ubba
982 4604 988 4615 .
1293 4527 1380 4611 ab
