4200 5617
279 507 770 654 ‚oenonvsnuuu
803 511 882 602 ur
915 506 1116 644 Avruu
1194 591 1199 598 .
1265 526 1358 626 sss

260 744 426 858 Multos
455 744 572 830 domi
602 742 688 831 alui
716 742 901 852 Citillos,
931 767 1147 858 moresque
1176 739 1361 837 animalis
1396 794 1400 800 ·

106 871 417 986 'lrmplicisfintos
445 895 486 960 et
519 859 714 961 innocuos
741 873 869 957 otiose
901 873 1212 986 ¹contemplatus
1256 879 1362 963 sum.

118 1003 290 1089 Nodlem
317 983 473 1112 semper
519 1021 648 1088 totam
699 1001 818 1108 sopiti
869 1001 1108 1111 quiescunt,
1155 1032 1178 1092 a
1229 1006 1364 1116 primu
1435 1118 1437 1122 Ι

116 1129 192 1214 ium
224 1133 384 1242 uespera
418 1127 628 1240 torpeduli.
701 1124 841 1240 Saepe.
871 1147 912 1210 et
959 1133 1174 1242 interdiu,
1199 1132 1364 1245 ⁸pluuia

116 1262 294 1344 maxime
328 1278 371 1344 et
405 1251 619 1369 procellosa
651 1258 920 1364 tempestate,
968 1257 1169 1374 plenoque
1218 1281 1366 1347 uentre

111 1385 338 1498 sopiuntur.
431 1371 674 1466 D'ormiunt'
710 1404 853 1469 autem
900 1381 1088 1471 clunibus
1120 1386 1365 1494 insidentes,
1464 1425 1469 1432 ¹

114 1514 347 1623 conglobato
374 1532 578 1620 corpore,
612 1511 763 1622 palmis
792 1533 834 1597 et
860 1515 991 1625 capite
1024 1516 1133 1601 inter
1184 1518 1364 1628 proteus

111 1642 259 1726 umora
293 1627 544 1742 reconditis,
592 1663 707 1726 more
749 1642 909 1751 prorsus
959 1662 1219 1745 marmurae,
1262 1668 1367 1731 cum

111 1789 188 1880 qua
218 1769 423 1850 summam
456 1765 677 1852 structurae
710 1787 755 1850 et
782 1767 933 1853 indolis
971 1769 1119 1856 habent
1165 1763 1367 1857 fimilituss

114 1897 278 1998 dinem,
318 1891 441 2004 paulo
469 1892 659 2000 agiliores
707 1913 878 1998 tamen,
925 1897 1142 2006 minusque
1189 1898 1367 2010 stupidae

108 2019 217 2108 mibi
248 2020 362 2109 visae.
442 2017 597 2107 Somno
629 2021 870 2134 plerumque
901 2024 1001 2110 adeo
1031 2023 1232 2136 profundo
1275 2042 1370 2112 tor·
1406 2050 1437 2133 g
1521 2101 1526 2109 .

105 2169 238 2260 pent,
288 2168 338 2232 ut
385 2170 502 2256 aegre
549 2151 809 2258 excitentur,
852 2138 1100 2240 dormientes
1131 2150 1294 2252 subinde
1325 2156 1369 2238 in

103 2276 214 2362 latus
261 2261 589 2387 prouoluantur',
638 2280 728 2364 imo
762 2303 815 2364 ex
848 2278 996 2365 altiore
1027 2277 1121 2367 loco
1153 2279 1371 2388 decidant,
1461 2350 1463 2353 .

105 2405 340 2514 instantque
370 2423 632 2492 mortuorum
666 2411 748 2494 iere
798 2405 987 2516 ssmiles,
1036 2433 1111 2520 per
1157 2413 1373 2496 minutum

104 2551 153 2624 er
181 2533 286 2644 quod
314 2531 484 2621 excedit.
601 2595 605 2600 -

263 2787 523 2907 A'mbulant,
560 2789 779 2887 errabundi
811 2811 1010 2910 currunt,
1058 2794 1105 2891 in
1135 2787 1274 2888 clunes
1302 2789 1373 2888 rel

105 2917 214 3032 tulos
247 2929 360 3009 varie
391 2930 607 3035 eriguntur
637 2928 1043 3039 circumspicientes,
1093 2955 1266 3046 corpore
1296 2952 1394 3016 exe·
1488 2985 1492 2997 ·

105 3049 225 3133 tenso
273 3070 315 3134 et
362 3055 592 3141 diuaticatis
635 3058 859 3166 cruribus,
916 3058 1113 3164 angustias
1161 3079 1372 3173 perrepere
1545 3047 1550 3057 ’

102 3173 302 3284 poliunt,
351 3182 490 3267 cibum
530 3182 744 3269 minutum
774 3205 817 3270 et
844 3183 980 3270 herbas
1012 3211 1086 3272 ore
1117 3211 1140 3269 e
1171 3205 1278 3272 terra
1310 3183 1374 3270 le·

105 3321 248 3408 gunt,
296 3307 448 3390 maiora
497 3333 598 3394 uero
645 3309 843 3413 frustula,
891 3315 1075 3397 dentibus
1105 3310 1294 3422 prehensa
1327 3312 1376 3393 iu

102 3429 266 3540 palmas
294 3433 500 3542 accipiunt
531 3454 571 3517 et
602 3437 849 3522 consumunt
887 3436 1091 3544 sedentes,
1135 3441 1258 3530 omnia
1307 3434 1372 3520 oti
1481 3501 1484 3509 .

103 3552 351 3644 Marmorea.
431 3560 743 3672 Lepidilltmum
782 3565 837 3649 est
867 3564 1042 3671 uidete,
1094 3567 1182 3677 post
1214 3565 1373 3676 pastum

104 3683 181 3766 vel
200 3684 530 3798 quandocunque
564 3691 739 3776 rostrum
789 3689 859 3776 uel
911 3697 1030 3803 pedes
1079 3682 1375 3802 inquinarunt,

101 3832 192 3918 qua
225 3811 437 3918 diligentia
468 3841 547 3901 uon
580 3814 712 3906 solum
744 3840 790 3905 os
818 3837 860 3902 et
891 3817 1072 3930 faeiem,
1120 3821 1200 3914 sed.
1234 3839 1373 3905 totum

103 3961 276 4046 quoque
307 3964 429 4053 caput
461 3946 609 4052 palmis
641 3947 781 4054 lingua
813 3941 1054 4037 humefactis
1086 3948 1206 4034 sciuri
1251 3947 1403 4055 instar

101 4068 394 4175 permulceant
443 4089 516 4158 aut
550 4071 735 4181 lauent,
782 4076 946 4186 pollicis
991 4077 1155 4192 pedibus
1187 4072 1377 4188 scabendo

105 4195 323 4280 excutiant
348 4195 601 4310 puluerem,
651 4187 870 4314 linguaque
902 4225 947 4293 et
978 4203 1129 4317 palmis
1161 4202 1285 4292 latera
1331 4217 1373 4286 et

94 4339 306 4434 ,yeutrem
334 4327 532 4441 petisne·
572 4331 622 4422 lu
652 4354 800 4446 genere
828 4333 956 4428 etiam
987 4329 1123 4445 serbi,
1168 4349 1210 4420 et
1242 4330 1375 4432 manif
1491 4393 1495 4397 -

504 4497 506 4504 s
678 4461 730 4552 ·A
746 4485 768 4549 a
784 4483 846 4548 aa
878 4489 906 4546 α
1037 4469 1039 4474 ’
1304 4457 1377 4545 bus
1416 4522 1419 4529 .
