4200 5617
672 555 760 631 ,τε
840 625 853 638 ,
971 479 1608 630 annumerans

669 772 745 862 hic
771 767 933 874 ,vulgari
964 765 1452 874 reguidinzmechanicis
1486 768 1632 852 usitata
1687 762 1748 851 vti
1801 755 1939 873 liter}
2045 768 2046 774 ‘

669 924 749 1009 qua
778 899 997 985 cularitatis
1025 926 1051 984 u
1084 897 1320 992 acceleratio
1354 921 1423 1004 per
1453 879 1517 1026 {2²-
1550 897 1729 1008 exprimi
1760 891 1872 980 soler.

1025 1036 1512 1156 ‘Scholion
1621 1076 1631 1092 ·

826 1239 897 1302 22.
927 1215 1050 1301 Ratio
1084 1221 1191 1328 quod
1226 1215 1292 1300 hic
1327 1220 1373 1298 ab
1408 1219 1476 1298 rsta
1508 1211 1649 1326 regula
1681 1213 1931 1320 vulgarire·
2046 1267 2047 1304 r

668 1347 805 1432 cedere
836 1353 1062 1451 cogimur,
1093 1372 1144 1430 ex
1180 1343 1539 1453 procedentibus,
1571 1345 1639 1428 ubi
1672 1341 1933 1451 {ignificntio-
2046 1339 2047 1372 ³

670 1498 777 1586 nem,
802 1477 1060 1558 celeritatum
1095 1503 1132 1584 u,
1163 1499 1206 1577 u,
1237 1499 1277 1558 w
1307 1477 1570 1584 expoiuimus
1602 1474 1692 1556 satis
1733 1473 1789 1556 est
1839 1496 1934 1582 per·

668 1605 811 1712 spirua.
877 1603 963 1687 Hae
993 1607 1104 1688 enim
1140 1602 1359 1692 celeritates
1393 1631 1473 1688 non
1510 1607 1565 1688 ita
1596 1606 1685 1686 sunt
1717 1623 1932 1710 compara·

669 1749 763 1836 tae,
812 1749 858 1810 ut
908 1754 1110 1842 perpetuo
1159 1734 1206 1816 ud
1248 1734 1355 1816 inem
1391 1729 1507 1814 fluidi
1541 1731 1793 1814 elementum
1827 1729 1934 1813 refe·

670 1856 847 1968 tandiu,
888 1863 1250 1967 quemadmodum
1304 1862 1347 1940 in
1397 1881 1516 1944 motu
1565 1857 1778 1943 solidorum
1834 1855 1930 1944 fieri

669 1987 803 2090 solet,
850 1987 913 2075 sed
965 2014 1032 2096 eae
1090 1987 1156 2071 hic
1191 1991 1325 2102 potius
1359 1991 1406 2069 ad
1442 1988 1550 2073 idem
1583 1987 1697 2098 spatii
1728 1986 1925 2094 nundum

669 2119 937 2224 referuntur,
984 2119 1041 2200 ita
1092 2139 1139 2202 ut
1181 2117 1437 2200 manentibus
1470 2116 1714 2202 coordinatis
1746 2137 1791 2214 x,
1808 2141 1859 2224 y,
1891 2136 1937 2218 z,

668 2243 701 2330 fi
734 2245 865 2328 iulum
903 2264 1063 2356 tempus
1097 2263 1115 2330 t
1147 2245 1343 2330 variabile
1377 2245 1569 2330 statuatur
1597 2269 1665 2330 eae
1697 2241 1774 2327 sant
1821 2267 1936 2352 prue-

655 2372 823 2492 'biturae
859 2393 1020 2457 motum
1057 2377 1142 2456 eius
1173 2376 1401 2478 elementi,
1433 2377 1537 2486 quod
1569 2371 1702 2482 elapso
1751 2391 1936 2481 ternpus-

669 2500 770 2586 culo
800 2500 861 2584 dt
896 2527 965 2610 ρετ
998 2503 1191 2612 pundum
1227 2497 1266 2588 Z
1297 2501 1450 2587 tranfir.
1547 2503 1686 2618 Quare
1718 2525 1821 2587 cum
1872 2498 1938 2582 hic
2049 2579 2050 2586 a

668 2630 976 2716 accelerationes
1006 2633 1185 2718 eiusdem
1218 2630 1441 2736 elementi,
1490 2633 1598 2742 quod
1632 2657 1737 2718 nune
1789 2633 1831 2714 in
1882 2620 1935 2732 Z,

670 2759 759 2870 post
792 2741 1100 2870 tempuscu‘lum
1135 2760 1197 2843 dr
1232 2787 1330 2846 uero
1363 2765 1403 2844 in
1439 2786 1467 2844 z
1509 2769 1741 2872 nutritur,
1786 2755 1933 2844 defide-

670 2911 816 2972 rentur
864 2890 1090 2973 modionas
1126 2886 1214 2971 illas
1248 2918 1287 2995 u,
1318 2913 1363 2990 u,
1390 2911 1431 2974 et
1465 2917 1527 2997 w,
1561 2919 1640 2974 non
1694 2891 1825 2974 {olum
1861 2909 1934 2997 ρετ
2050 2901 2051 2910 ‘

673 3017 980 3128 tempusruium
1029 3016 1060 3100 d
1071 3035 1125 3124 ι,
1176 3003 1249 3101 sed'
1284 3019 1408 3102 etium
1444 3044 1464 3099 a
1498 3021 1649 3129 pundo
1680 3013 1719 3104 Z
1754 3023 1796 3104 iu
1826 3043 1932 3124 pun-

670 3149 786 3231 drum
819 3170 847 3227 z
880 3146 1083 3228 transferri
1118 3147 1285 3252 droant,
1337 3171 1511 3256 quarum
1548 3170 1637 3234 tum
1672 3145 1835 3232 txccffua
1863 3150 1925 3228 iir-

672 3299 745 3385 ρετ
797 3269 885 3352 illas
933 3271 1183 3356 incrementa
1215 3276 1471 3358 celerianum
1518 3259 1698 3362 uirrsdem
1737 3275 1921 3360 elementi

670 3400 788 3485 fluidi
838 3398 1040 3487 indicath.
1137 3401 1187 3486 In
1220 3425 1400 3491 errorem
1437 3429 1534 3512 ergo
1567 3407 1767 3518 infignem
1796 3405 1929 3488 iuiss'e·

672 3551 764 3614 mus
796 3527 1005 3638 prolapsi,
1042 3527 1071 3610 (τ
1106 3528 1243 3636 regula
1279 3529 1347 3614 illa
1382 3536 1543 3640 uulgari
1579 3539 1736 3640 decepti
1769 3532 1836 3616 has
1869 3557 1931 3612 ac-

669 3660 934 3746 celerationes
969 3656 1210 3766 fimpliciter
1245 3660 1438 3744 formulis
1471 3648 1599 3790 (ἒξ-ξ),
1632 3651 1768 3790 (ᾖ),
1833 3645 1897 3788 Ξ-ξ*
1915 3666 1931 3764 )

670 3809 1018 3919 expressiffemus,
1050 3829 1153 3916 quae
1190 3823 1236 3890 ut
1269 3833 1377 3894 nunc
1414 3813 1612 3894 uidemus.
1635 3831 1796 3894 tuorum
1840 3831 1931 3918 par-

672 3953 757 4022 tem
790 3935 971 4046 aliquam
1003 3959 1199 4020 verarum
1233 3937 1569 4046 accelerationum
1601 3941 1895 4024 constituunt..

1036 4075 1398 4201 Problema
1482 4122 1560 4199 ar.

824 4279 897 4356 2³·
931 4253 973 4341 Si
1008 4277 1167 4368 praeter
1200 4273 1328 4344 ternas
1359 4257 1583 4346 celeritars
1616 4287 1656 4359 u,
1689 4283 1734 4364 u,
1766 4265 1807 4346 ui
1837 4282 1935 4368 quae

673 4386 843 4507 fingulis
871 4385 1000 4500 spatii
1017 4389 1177 4500 pondis
1202 4451 1215 4496 ,
1245 4411 1317 4500 ρετ
1349 4395 1458 4498 quod
1493 4389 1670 4474 dudum
1706 4409 1936 4492 mouetur,

1780 4539 1928 4604 conue-
