4200 5617
656 523 716 606 td
991 511 1092 602 DE
1155 499 1585 598 FORMVLIS.

652 739 751 827 bafia
787 758 872 826 tota
904 739 1232 850 quadamcurua
1266 739 1309 822 in
1351 740 1390 825 se
1433 738 1628 822 redeunte
1662 733 1918 824 terminetur.

609 971 615 980 g
653 872 713 956 Hi
749 893 850 978 ergo
880 869 1001 957 ambo
1033 869 1192 958 veloces
1233 872 1521 980 reperientur,
1554 862 1919 976 statquatiqnatu-

655 1023 745 1084 ram
780 998 875 1083 basus
909 999 1149 1111 exprimens
1183 999 1519 1108 differentium,
1551 1014 1593 1076 et
1624 1005 1766 1080 ax:
1786 1025 1814 1081 0
1850 1023 1918 1106 po-

658 1147 792 1210 natur.
859 1125 1031 1240 Quando
1064 1147 1203 1215 autem
1239 1125 1337 1214 bafis
1370 1153 1450 1210 non
1482 1148 1564 1210 nna
1588 1127 1763 1231 quadam
1815 1125 1919 1212 linea

654 1280 782 1341 curua
834 1259 1129 1366 terminatur,
1192 1256 1255 1342 sed
1305 1261 1496 1367 portione
1542 1251 1735 1361 quapiam
1786 1250 1917 1340 veluti

468 1410 558 1487 nb,
584 1413 613 1486 1,
656 1380 795 1474 CGH
827 1389 1093 1494 continetur,
1128 1385 1248 1469 cuius
1279 1384 1376 1470 bafia
1408 1382 1495 1470 CH
1527 1379 1579 1464 lit
1609 1384 1792 1466 maxima
1824 1405 1916 1472 tum

493 1517 568 1610 rig.
594 1540 630 1613 4·
656 1520 798 1601 minor
832 1520 1036 1602 terminus
1070 1514 1255 1629 ipfiuslx
1287 1514 1494 1600 manifesto
1526 1511 1581 1596 est
1612 1532 1670 1592 .··.·
1688 1536 1756 1620 0,
1788 1514 1917 1601 maior

659 1663 800 1730 autem
835 1643 910 1756 ipsu
958 1644 1035 1734 CH
1086 1645 1293 1756 aequale:
1343 1644 1568 1753 eodemque
1607 1639 1698 1725 casu
1749 1645 1916 1728 termini

659 1775 882 1884 applicatae
914 1772 1004 1858 PR
1035 1774 1214 1864 abscissae
1256 1772 1292 1860 C
1309 1769 1460 1858 Pzn
1503 1771 1784 1879 respondentis
1828 1771 1917 1857 sunt

657 1899 760 1986 alter
789 1931 925 2007 zo,
972 1903 1074 1988 alter
1125 1925 1226 1986 ntro
1274 1899 1469 2006 :PR‚
1516 1899 1767 2016 Quacunque
1818 1925 1918 2008 ergo

657 2028 739 2116 bafi
771 2029 975 2140 proposita
1008 2033 1096 2114 eius
1128 2031 1258 2138 figura
1290 2049 1382 2116 ante
1416 2033 1541 2142 probe
1582 2029 1637 2114 est
1685 2033 1918 2116 examinan-

655 2158 705 2243 da
741 2157 942 2270 ipsiusque
975 2163 1145 2246 termini
1181 2161 1477 2270 quaquauersus
1507 2155 1764 2268 explorandi,
1795 2185 1918 2271 quam

657 2287 917 2395 inuestigatio
947 2312 1058 2375 areae
1089 2287 1156 2374 vel
1190 2290 1371 2373 cuiusuis
1410 2287 1514 2372 alins
1560 2283 1763 2371 formulae
1811 2293 1918 2374 inte·

659 2416 788 2522 gralia
819 2415 1043 2529 duplicatae
1075 2419 1215 2529 suscipi
1246 2439 1396 2529 queat:
1429 2413 1607 2501 definitis
1646 2415 1787 2502 autem
1840 2438 1919 2505 tct-

662 2545 789 2628 minis
820 2546 966 2656 quibus
997 2572 1087 2630 area
1120 2550 1381 2648 continetur,
1414 2546 1509 2630 inde
1568 2543 1917 2635 determinationes

661 2671 979 2782 integrationem
1021 2680 1113 2760 sunt
1145 2679 1348 2788 petendae.

815 2956 888 3020 aa.
922 2928 999 3015 His
1031 2932 1079 3018 de
1112 2931 1435 3040 integrationum
1480 2921 1814 3020 determinatione
1848 2953 1922 3015 ex·

516 3117 521 3124 ·
662 3058 1039 3174 postris‚ins1gnes
1075 3064 1341 3170 maximeque
1375 3079 1519 3146 notatu
1570 3065 1710 3184 dignae
1747 3059 1922 3146 asssblo-

663 3207 735 3277 nes
769 3187 1015 3274 huiusmodi
1048 3191 1320 3276 formularum
1372 3188 1643 3298 integralium
1694 3185 1918 3300 duplicatass

661 3323 759 3402 rum
794 3313 985 3426 perpendi
1019 3329 1270 3424 merentur,
1306 3343 1407 3428 quine
1444 3324 1489 3404 in
1542 3343 1681 3406 earum
1733 3323 1919 3405 transfor»
2054 3415 2055 3432 q

661 3447 844 3532 matione
878 3467 1111 3530 occurrunt.
1176 3433 1340 3536 Scilicet
1369 3446 1714 3561 quemadmodum
1756 3447 1921 3535 coordiss
2054 3445 2055 3478 ¹

662 3595 777 3660 natae
811 3576 991 3661 ciusdem
1025 3601 1176 3662 curuae
1209 3575 1386 3664 infinitis
1421 3578 1555 3666 modia
1581 3579 1688 3666 sumi
1729 3577 1920 3691 poffunt‘,

661 3706 720 3790 ita
756 3707 821 3791 hic
856 3705 954 3792 loco
985 3707 1171 3791 binarum
1223 3707 1486 3795 variabilinm
1539 3737 1569 3796 ac
1616 3731 1661 3798 et
1695 3727 1772 3818 y,'
1807 3710 1919 3793 binae

663 3859 924 3942 quaecunque
957 3833 1059 3916 aliae
1097 3831 1305 3918 variabiles
1336 3837 1383 3923 in
1416 3837 1671 3950 computum
1723 3831 1920 3925 introduci

664 3961 860 4069 possunt,
894 3958 977 4042 snae
1010 3985 1078 4046 eae
1110 3962 1260 4072 pariter
1293 3964 1371 4052 fint
1404 3973 1677 4076 coordinatae,
1711 3968 1793 4054 fiue
1825 3970 1920 4055 aliae

659 4095 913 4196 quantitates
944 4109 1151 4202 utcunque
1182 4091 1385 4180 definitae.
1447 4099 1509 4184 lta
1543 4097 1634 4183 ralis
1665 4102 1922 4184 transforma·

661 4217 726 4300 iio
761 4222 801 4302 in
835 4241 979 4324 genere
1010 4221 1067 4304 ita
1099 4227 1258 4334 concipi
1294 4228 1450 4335 potest,
1498 4247 1547 4314 ut
1595 4229 1686 4316 loco
1736 4251 1767 4314 a·
1797 4247 1857 4315 'et
1888 4246 1920 4336 j

657 4348 911 4437 iundtiones.
938 4373 1204 4466 quaecunque-
1228 4351 1403 4441 aliarum
1444 4360 1621 4448 duarum
1659 4361 1922 4460 variabilium

1830 4510 1851 4580 ἱ
1885 4509 1922 4578 et
