4200 5617
915 464 1522 580 aaauaaa1u

590 702 944 819 monasterium
974 700 1309 807 Solowetzkoi
1338 701 1392 821 in
1424 696 1577 804 insula
1605 703 1750 809 maris
1785 702 1847 811 al·

590 836 677 967 bi,
728 838 905 976 quibus
953 862 1014 932 ex
1061 833 1179 935 locis
1229 862 1371 932 mora
1407 832 1619 935 Veneris
1650 835 1703 934 in
1733 830 1848 938 Sole

590 966 1005 1097 cognosceretur3
1053 985 1084 1061 a
1130 958 1332 1061 meridie
1379 982 1543 1061 autem
1591 961 1848 1066 Orenbu‘r-

588 1126 711 1227 gum
743 1121 793 1199 et
827 1091 1058 1213 Guriew,
1106 1086 1288 1218 oppida
1316 1085 1396 1186 ad⁴
1425 1088 1552 1217 ripas
1599 1087 1711 1192 laici
1759 1092 1848 1193 flu-

588 1225 734 1327 minis
785 1224 896 1344 fita,
972 1213 1104 1318 vnde
1150 1211 1357 1343 egressus
1406 1217 1614 1318 Veneris
1668 1249 1730 1319 ex
1762 1218 1849 1321 So-

588 1353 637 1454 le
689 1368 1020 1475 cerneretur3
1071 1345 1254 1481 ⁸pastea
1302 1372 1424 1446 vero
1474 1374 1621 1573 Ϋυαιη
1667 1348 1848 1478 placuit

588 1472 954 1592 AVGVSTAE
1004 1501 1267 1573 numerum
1317 1504 1432 1573 cum
1497 1503 1705 1576 ocorum
1741 1500 1849 1578 tum

589 1601 968 1712 obseruatorum
995 1599 1247 1730 ampliari,
1296 1601 1515 1733 quinque
1546 1602 1850 1706 rubellorum

587 1738 827 1860 millibus,
861 1757 986 1863 quae
1019 1754 1165 1829 antea
1195 1728 1366 1858 largita
1396 1724 1586 1857 fuerat,
1626 1726 1849 1861 superad-

590 1863 713 1971 didit
745 1860 829 1966 sex
861 1856 1007 1962 millia
1037 1857 1219 1985 altem,
1246 1887 1362 1989 ‚quo
1393 1857 1578 1963 sumtus
1604 1860 1667 1960 ad
1697 1858 1849 1991 dupli·

590 2019 754 2098 catum
807 1982 1181 2093 obseruatomm
1229 2017 1494 2089 numerum
1537 1982 1851 2116 sufficerent,

562 2118 641 2226 'et
693 2148 747 2224 vt
805 2126 1152 2221 coiimerentur
1204 2146 1338 2218 noua
1389 2114 1452 2215 ad
1484 2110 1610 2216 hanc
1644 2146 1853 2247 operam
1903 2235 1907 2248 ,

588 2244 846 2352 necessaria
879 2243 1227 2369 iustrumenta,
1276 2242 1453 2374 quibus
1488 2275 1655 2346 carere
1745 2268 1854 2370 ota,

589 2403 665 2484 rat
697 2372 988 2502 Academia,
1020 2370 1051 2474 si
1082 2371 1220 2505 prior
1248 2401 1486 2479 numerus
1515 2372 1705 2481 constit'
1744 2396 1811 2485 et.

727 2570 902 2745 'Tanta
936 2632 1307 2745 AVGVSTAE
1346 2632 1676 2741 munificentia
1726 2635 1849 2773 excif

588 2784 689 2871 tara
728 2769 993 2865 Academia
1034 2762 1461 2856 obseruationibus
1507 2760 1848 2867 astrollonlicss

588 2912 619 2997 a
652 2885 824 2993 tissima
855 2880 1085 2987 iudicauit
1118 2879 1228 2983 loca
1276 2882 1483 3008 Kalama,
1536 2886 1737 2989 Vmbum
1797 2910 1848 2993 et

639 3021 771 3144 omi,
824 3015 919 3117 tria
969 3011 1021 3125 iu
1071 3007 1296 3139 Laponia
1348 3010 1564 3141 oppida,
1617 3017 1709 3117 tria
1757 3020 1850 3122 alja

586 3170 795 3373 profiter
834 3166 1032 3287 amnum
1059 3137 1239 3284 laicum
1290 3136 1403 3263 fita,
1457 3138 1898 3275 Orenburgam,‘

549 3278 689 3379 'ors
732 3294 807 3399 vet
839 3268 1067 3393 Gunew,
1117 3265 1326 3414 (Jamque
1358 3264 1608 3397 lacuum,
1653 3274 1705 3373 in
1742 3274 1848 3378 vlti.

588 3402 680 3507 mis
714 3396 914 3506 Sibiriae
946 3395 1237 3524 regionibus
1270 3396 1437 3496 Lenae
1484 3396 1675 3503 flumini
1722 3403 1848 3503 adia·

588 3558 705 3632 cens
736 3524 986 3656 oppidum
1065 3522 1111 3625 A
1149 3523 1353 3624 'tauerat
1383 3524 1531 3626 etiam
1561 3530 1732 3631 anim0
1767 3530 1848 3630 ab·

586 3648 752 3787 regare
784 3650 1063 3800 quempiam
1186 3649 1445 3750 ronomiae
1485 3656 1696 3779 peritum
1747 3652 1848 3756 Kfl.

586 3787 794 3905 duuam,
811 3775 1010 3881 msulam
1030 3776 1204 3878 oceani
1237 3770 1660 3906 septemtrionalia
1693 3781 1848 3886 culto-

584 3913 720 4037 ribus
752 3936 978 4030 vacuam,
1014 3898 1363 4033 frigidissimum
1394 3900 1523 4004 illam
1545 3932 1597 4009 et
1629 3909 1873 4014 acuiti0·'

585 4040 722 4142 ribus
742 4030 861 4140 locis
879 4028 1151 4162 longissnne
1168 4053 1435 4132 remotam·
1472 4027 1556 4134 sed
1573 4034 1749 4163 verita,
1779 4070 1844 4143 ne

586 4165 732 4269 tantis
763 4163 901 4267 malis
934 4156 1220 4262 sustinendis
1236 4188 1343 4261 non
1360 4106 1602 4276 sufficeret
1620 4161 1843 4274 obserua-

586 4312 699 4426 tor,
728 4323 758 4403 a
789 4288 1043 4429 proposito
1075 4286 1307 4456 datatim
1340 4288 1422 4406 est.
1699 4357 1845 4537 Hm

1115 4492 1127 4513 ·
1787 4455 1814 4530 C
