4200 5617
674 467 777 590 5m'
969 463 1632 564 DEscrlprro

673 714 874 828 primores
905 704 1048 812 nigri,
1082 702 1211 791 rachi
1244 701 1360 802 aibr,
1409 691 1642 809 posteriores
1675 719 1745 804 per
1798 693 1933 780 uexil-
2012 670 2014 751 i

674 845 767 929 lum
802 842 1011 924 internum
1045 855 1165 944 atque
1195 828 1478 940 apicemalbo
1500 826 1759 930 marginatae.
1827 823 1934 909 Cau·

676 975 724 1058 da
765 995 836 1052 12.
874 965 1024 1048 constat
1072 961 1307 1050 rectricibus
1365 957 1493 1071 nigris
1547 957 1641 1040 rufo
1688 952 1935 1060 fimbriatis,

523 1134 527 1153 ·
675 1103 731 1185 ast
761 1098 865 1181 duae
896 1092 1119 1176 exteriorem
1148 1094 1229 1175 fere
1253 1074 1418 1199 ⁸penitu'r
1449 1081 1570 1169 albae.
1633 1082 1755 1172 Pedes
1788 1082 1936 1168 iordide

680 1226 941 1326 innitentes,
989 1240 1030 1306 et
1078 1221 1128 1304 ad
1176 1221 1391 1330 secundum
1413 1226 1419 1239 '
1438 1208 1666 1298 articulum.
1706 1211 1934 1316 digitorum

681 1359 841 1461 integre
893 1347 1067 1461 palmati
1115 1374 1152 1438 a.
1189 1350 1358 1434 seeundo
1388 1341 1565 1430 articulo
1593 1341 1641 1426 ad
1676 1337 1937 1424 insertionem

681 1482 886 1590 unguium
923 1476 1155 1562 membrana
1188 1473 1406 1584 dupliciter
1441 1470 1571 1558 lobata
1597 1467 1799 1554 instrueti.
1864 1469 1939 1553 iia·

683 1615 783 1699 bitat
816 1610 864 1692 ad
897 1607 1005 1690 lacus
1038 1604 1165 1694 salsos.
1231 1603 1351 1693 Circa
1404 1625 1519 1696 mare
1564 1599 1747 1711 caspium
1800 1617 1938 1705 grega-

685 1743 765 1826 tim
798 1733 955 1823 uolitat.
1123 1752 1128 1768 ·
1188 1720 1196 1742 ’
1353 1743 1357 1750 ’
1416 1711 1422 1731 '
1524 1724 1530 1742 '

1212 1967 1301 2054 No.
1365 1959 1412 2068 4‘.
1560 2001 1565 2007 ⁴

1062 2129 1193 2216 Ardea
1226 2134 1358 2242 capite
1390 2147 1432 2213 et
1461 2123 1575 2214 colio
1599 2125 1941 2214 flauicantecaibt·

690 2255 829 2347 Ardea
864 2123 1333 2372 pumilaineo‘alboque,
1366 2259 1512 2359 uariis,
1542 2257 1662 2342 dorso
1677 2256 1871 2360 castaneo,
1886 2256 1944 2338 in·

1032 2377 1168 2502 [ferne
1199 2373 1398 2493 albicans',
1431 2385 1668 2472 rectricibus
1701 2386 1846 2469 niueis.

479 2558 568 2676 Tab.
589 2563 676 2633 xlv.
692 2557 926 2665 Lougitudo
957 2560 1085 2644 totius
1116 2562 1166 2648 ab
1198 2564 1321 2671 apice*
1342 2561 1459 2664 rostri
1490 2559 1540 2644 ad
1571 2559 1717 2648 caudae

501 2665 575 2754 ΗΒ·
606 2685 638 2734 ¹·
689 2703 929 2772 extremum
1059 2733 1081 2754 ·
1197 2731 1219 2751 -

610 2847 613 2852 ¹
689 2815 866 2901 rostrum
982 2853 1003 2872 -
1103 2859 1124 2875 ·
1240 2863 1258 2878 -
1371 2859 1391 2873 ·

693 2967 785 3056 pars
814 2967 985 3030 crurum
1019 2947 1161 3055 pennis
1191 2944 1385 3050 denudata
1498 2979 1520 3003 ·
1632 2987 1652 3003 ·

694 3075 933 3186 digitorum
960 3071 1117 3157 medius
1149 3057 1420 3180 coniungere
1515 3117 1536 3133 ·
1633 3119 1651 3135 ·

695 3207 879 3286 extremi
912 3199 1065 3285 alarum
1084 3191 1243 3286 distant
1359 3245 1379 3258 ·

677 3325 968 3439 ¹complicatae
1000 3325 1085 3412 alae
1119 3331 1266 3414 caudae
1301 3346 1540 3414 extremum
1573 3331 1780 3436 attingunt.

850 3535 1091 3626 Mandibula
1124 3540 1305 3650 superior
1345 3543 1512 3653 sordide
1546 3543 1664 3651 nigra
1710 3538 1963 3648 marginibus

700 3667 1029 3776 flauescentibus,
1080 3669 1252 3755 interior
1279 3675 1404 3756 motio
1437 3672 1514 3757 bafi
1557 3673 1765 3780 nigricat,
1810 3665 1963 3779 reliqua

700 3815 814 3907 parte
843 3821 896 3882 ex
930 3797 1042 3887 flauo
1072 3795 1172 3881 alba.
1236 3797 1427 3909 Spatium
1460 3803 1567 3887 inter
1602 3803 1783 3888 rostrum
1813 3815 1963 3881 eroco·

614 4035 617 4040 ἱ
701 3923 765 4009 los
818 3927 973 4012 nudum
1013 3924 1318 4031 ochrmoenm,
1366 3927 1476 4012 oculi
1525 3934 1646 4040 parui
1699 3928 1806 4010 iride
1847 3923 1961 4010 flaua

701 4051 839 4164 Caput
868 4072 910 4136 et
942 4052 1100 4140 collum
1131 4060 1311 4165 superins
1342 4077 1387 4141 et
1418 4059 1467 4142 ad
1500 4058 1625 4144 latera
1657 4056 1842 4145 vestiunt
1872 4081 1955 4167 pen·

705 4203 782 4264 nae
813 4182 1029 4268 medietate
1060 4182 1109 4267 ab
1152 4203 1326 4294 utroque
1373 4184 1475 4297 scapi
1522 4188 1645 4273 latere
1689 4181 1827 4269 fimul
1873 4207 1958 4268 cum

702 4310 825 4430 scapo
854 4335 961 4400 nune
975 4309 1134 4420 albae,
1174 4337 1283 4399 nune
1313 4337 1366 4398 ex
1399 4317 1491 4403 rufo
1520 4315 1665 4430 albae,
1713 4315 1965 4424 marginibus

764 4485 768 4498 ·
1831 4443 1967 4531 obsen-
