4200 5617
704 526 802 613 με
874 592 878 598 ,
989 446 1309 599 tranant
1370 490 1630 597 uovvtu

857 722 948 846 Offia
977 732 1195 822 auxiliaria
1213 734 1416 854 superiora
1464 746 1579 845 parte
1618 726 1810 819 inferiore
1859 726 1969 819 hoti-

553 878 569 913 ⁸
657 884 662 891 ·
702 859 1216 971 connumerandum
1263 882 1306 948 ct
1354 861 1483 972 palati
1532 856 1803 970 interposita,
1855 860 1967 973 plere

577 1074 581 1079 .
709 992 819 1075 inter
842 995 888 1077 se
918 992 1160 1081 cochaerent
1190 1011 1235 1076 et
1264 992 1460 1077 foramine
1490 978 1657 1075 incifiuo
1671 991 1807 1075 antice
1825 987 1966 1075 relisio

701 1116 899 1230 palatum
915 1124 1072 1207 odeum
1106 1121 1356 1229 fundumque
1387 1120 1572 1205 canituris
1601 1118 1764 1203 narium
1803 1116 1965 1227 posticae

701 1246 993 1364 constituunt,
1040 1264 1082 1334 et
1111 1240 1246 1345 deuter
1293 1242 1473 1339 molares
1523 1265 1603 1333 ttet
1650 1244 1876 1356 recipiunt.
1927 1240 1963 1331 A

571 1449 575 1461 .
702 1376 881 1462 radice.
916 1374 1178 1465 alueolotum
1233 1376 1420 1467 ‚dentium
1485 1372 1709 1461 molarium
1768 1373 1962 1459 adsccndit

701 1502 958 1614 aphophyfis
1003 1502 1254 1607 alueolarie,
1285 1526 1386 1611 quae
1436 1500 1815 1611 perpendicularis,
1863 1497 1962 1609 lau,

702 1633 925 1738 cauitatem
957 1634 1125 1719 narium
1157 1631 1347 1744 posticam
1381 1633 1577 1740 utrinque
1610 1626 1834 1714 lateraliter
1865 1630 1960 1713 obtc·

704 1776 814 1863 gena
847 1756 897 1843 ln
928 1763 1191 1846 extremitate
1219 1759 1350 1845 antica
1390 1760 1571 1869 corporis
1611 1755 1702 1841 offis
1744 1755 1961 1843 maxillaris

645 1984 651 1991 ,
702 1886 902 1985 oriuntur
933 1888 1156 1999 apophyses
1187 1888 1317 1995 duae;
1348 1888 1523 1971 anterior
1563 1881 1703 1969 nasalis
1753 1886 1956 1995 perpendi·
2038 1931 2039 1942 κ

704 2011 900 2120 cularitet
930 2018 980 2101 ad
1011 2016 1119 2102 basan
1149 2014 1296 2101 offinm
1331 2014 1450 2100 rollri
1482 2034 1625 2123 usquc,
1649 2014 1700 2096 ad
1717 2035 1766 2097 oc
1795 2011 1952 2102 stontaic

701 2140 961 2250 adscendent;
991 2139 1187 2254 posterior
1205 2139 1478 2250 zygomacica‚
1508 2142 1741 2226 extrorsum
1770 2137 1959 2227 horizon·

704 2265 846 2355 taliter
865 2274 1098 2381 procedens,
1122 2280 1247 2381 quae
1277 2271 1466 2375 margine
1519 2268 1710 2355 inleriore
1759 2268 1957 2355 foraminis

705 2396 962 2508 ampliffimi,
994 2402 1106 2511 quod
1135 2401 1318 2485 mramen
1351 2418 1548 2505 magnum
1584 2392 1803 2482 maxillare
1826 2399 1959 2511 appel·

704 2518 855 2633 lamus,
885 2529 1090 2632 formata,
1125 2548 1226 2612 mox
1255 2524 1479 2611 bifurcatur
1511 2528 1554 2609 in
1587 2542 1750 2637 partem
1793 2551 1958 2641 perpen-

518 2648 526 2653 ’
569 2750 575 2765 .
694 2649 945 2740 -diculariter
989 2654 1292 2744 adscendentem
1342 2654 1566 2739 introrsum
1606 2672 1816 2743 arcuatam
1843 2658 1959 2743 acin

701 2782 922 2893 amplexus
940 2808 1038 2870 cum
1067 2780 1265 2894 apophyfi
1298 2779 1419 2866 nasali
1448 2800 1655 2886 ruentem,
1688 2790 1737 2873 ad
1753 2787 1960 2895 perficien-

700 2908 804 2993 dum
822 2914 999 3000 foramen
1019 2932 1243 3015 magnume
1274 2930 1365 3025 pars
1381 2912 1509 2999 altera
1535 2908 1818 3023 bifirrcationis,
1851 2915 1964 3001 hori·

703 3038 882 3125 roncalia
914 3039 1168 3127 continuatio
1197 3034 1447 3149 apophyseoe
1465 3101 1489 3146 ,,
1518 3039 1748 3149 extrorsum
1801 3064 1962 3131 arcuata

657 3137 744 3249 'ct
772 3190 820 3251 os
855 3166 1167 3274 zygomaticum
1199 3185 1352 3279 petens,
1379 3190 1438 3287 ac·
1456 3169 1795 3283 complementum
1821 3175 1956 3259 totius

698 3314 820 3381 arcus
848 3296 1107 3403 zygomatici
1146 3292 1291 3381 filienc.

837 3482 912 3571 Or
942 3482 1188 3597 maculare
1217 3480 1424 3599 planum,
1455 3487 1628 3599 lineare,
1656 3488 1965 3601 subincnruum

696 3611 749 3697 ad
782 3614 1011 3723 marginem
1044 3614 1313 3725 posteriorem
1348 3621 1477 3708 crutis
1508 3620 1727 3709 exterioris
1750 3622 1966 3711 foramini

544 3758 549 3769 ·
693 3739 841 3846 magni
884 3736 1112 3826 maxillaris
1144 3742 1300 3855 fitum,
1330 3752 1529 3858 angulum
1558 3751 1811 3841 arecesfione
1841 3754 1968 3866 partie

693 3866 964 3954 descendentia
995 3869 1086 3955 olsrs
1116 3872 1299 3962 frontalis
1329 3879 1498 4013 replent.

849 4058 937 4171 Offlr
960 4062 1088 4177 palati
1103 4065 1308 4177 'portione
1341 4066 1519 4181 palatina
1552 4068 1819 4163 horizontali
1850 4064 1961 4187 palati

695 4199 857 4295 partem
870 4202 876 4213 ’
891 4191 1152 4299 posteriorem
1169 4220 1193 4280 u
1212 4200 1328 4284 dente
1345 4198 1494 4317 molari
1514 4202 1655 4291 medio
1686 4205 1739 4291 ad
1756 4200 1967 4291 ultimum

685 4330 824 4446 Juque
852 4317 1104 4434 conficiunt,
1131 4341 1176 4413 et
1202 4323 1249 4413 in
1281 4328 1494 4453 interstitio
1515 4324 1674 4421 alatum
1708 4330 1970 4449 apophyseut

703 4485 724 4513 a.
754 4526 760 4535 ,
915 4542 920 4552 Ι
1191 4468 1224 4520 .·
1347 4490 1374 4535 ,a
1829 4478 1965 4583 pm.
