4200 5617
583 564 756 677 agag(
787 586 817 669 0
846 562 1007 708 l'ffsirf
1105 626 1125 645 ·
1369 554 1422 679 ti

159 812 281 876 mero
311 782 588 878 formularum
622 787 931 902 duplicaturum·
967 787 1255 881 excludantur.
1335 796 1428 887 Hoc

159 937 301 1005 autem
348 919 522 1007 dublum
570 919 684 1007 facile
729 922 915 1007 diluetur
972 919 1310 1015 saconsrdercrur
1343 953 1427 1035 nnn
1564 962 1569 972 ⁴

157 1045 281 1157 plane
317 1047 577 1133 necessarium
608 1050 713 1153 elie,
766 1069 815 1135 vt
850 1073 957 1134 noua
989 1047 1187 1160 formula,
1221 1052 1433 1160 integralis

156 1176 369 1297 duplicata
395 1169 531 1289 priori
564 1176 727 1288 prorsus
772 1178 823 1264 sat
872 1176 1086 1288 aequalis,
1133 1184 1331 1287 quoniam
1385 1186 1430 1266 in

126 1298 237 1387 'hac
255 1306 487 1415 ‚posteriore
518 1301 617 1392 aliae
648 1304 794 1417 plane,
820 1309 914 1393 sunt
944 1308 1196 1395 conditiones
1226 1310 1297 1393 sub
1327 1312 1427 1420 qui·

98 1451 102 1468 ’
152 1432 227 1528 bus
261 1432 485 1543 integratio
520 1436 743 1547 peragenda
773 1437 860 1544 est,
901 1461 946 1520 ac
981 1436 1024 1519 in
1057 1438 1202 1549 priori.
1269 1425 1455 1525 Potiffi-'

152 1583 278 1649 mum
326 1564 461 1671 igitur
507 1566 822 1653 fundamentum
870 1565 940 1650 cui
986 1563 1085 1651 haec
1120 1564 1427 1655 transformatio

137 1690 351 1778 'innititur
384 1718 519 1783 exeo
551 1697 635 1804 peti
669 1692 818 1802 deber,
867 1694 975 1805 quod
1018 1695 1154 1806 prima
1202 1695 1426 1803 integratio

148 1822 310 1907 formae
343 1822 551 1931 integralis
584 1846 657 1936 per
692 1824 1096 1911 transformationem
1125 1842 1240 1911 ortae
1275 1826 1331 1909 ita
1360 1828 1428 1909 in·

147 1952 262 2037 stitui
298 1951 481 2056 -debcat,
528 1952 579 2038 'ut
619 1952 748 2040 uela
781 1953 903 2038 velt
939 1976 1016 2063 pro
1047 1952 1244 2037 constanti
1275 1951 1424 2040 habea·

147 2098 233 2167 tur.
277 2151 281 2167 ,
334 2080 544 2189 Infignem
578 2100 720 2179 autem
755 2081 831 2191 hae
866 2084 1239 2187 transformationes
1271 2085 1423 2195 saepius
1536 2102 1541 2113 ‘

146 2204 299 2293 habent
322 2210 453 2294 usum
486 2212 534 2297 ad
567 2211 785 2313 solutiones
812 2206 1025 2319 faciliores
1046 2212 1287 2326 reddendas,
1314 2212 1425 2322 quod

142 2324 595 2452 ‘imprimisexe'mplo
626 2339 777 2427 famuli
802 2340 915 2424 istius
949 2337 1226 2452 problematis.
1252 2339 1425 2425 Floren-

148 2466 250 2556 tini:
267 2461 492 2559 illustratur
520 2531 533 2571 ,
564 2472 678 2553 cuius
701 2466 911 2580 plurimas
942 2469 1177 2579 asolutiones
1225 2470 1429 2576 elegantes

145 2590 292 2689 Illustr
341 2592 502 2678 Auster
535 2590 611 2675 hac
645 2596 846 2702 occasione
868 2594 1084 2703 ,adduxit,
1113 2619 1289 2703 quarum
1319 2619 1424 2704 quae

146 2725 185 2829 §,
224 2750 302 2826 44.
333 2720 514 2829 occurrit
540 2718 838 2822 generaliffima
869 2720 937 2803 est.
991 2718 1226 2805 Caeterum.
1260 2743 1425 2831 quoque

142 2853 285 2947 notari
320 2869 501 2964 meretur
535 2844 637 2933 huic
670 2844 933 2947 differtationi
983 2842 1260 2953 orcalionem'.
1280 2850 1423 2950 dedille
1459 2876 1488 2921 a

144 2980 311 3089 elegans
364 2976 609 3091 problema,
658 2976 707 3060 de
754 2975 992 3075 inuenienda
1033 2972 1165 3081 figura
1206 2980 1426 3091 emporis,

145 3111 262 3220 quod
295 3111 402 3194 inter
435 3107 574 3193 omnia
624 3105 807 3189 eiusdem
859 3101 1107 3203 soliditatis,
1142 3099 1317 3186 minima
1361 3107 1425 3206 su·

142 3236 315 3351 perficio
332 3239 632 3341 contineretur,
661 3237 779 3322 cuius
813 3240 951 3317 tamen
979 3226 1246 3342 problematis
1275 3227 1430 3321 solutio

145 3368 364 3479 quomodo
394 3366 574 3453 inueniri
606 3384 756 3477 queat,
788 3362 975 3449 nondum
1012 3378 1139 3475 patet.

753 3577 959 3696 V„

148 3748 432 3880 Euolutio
482 3740 713 3913 infignis
778 3712 1050 3917 paradoxi
1102 3740 1262 3870 ‘circa
1330 3690 1435 3879 ἐξ
1513 3756 1523 3772 “

371 3918 709 4084 qualitatem
774 3914 1212 4089 superficierum.

290 4128 556 4257 Auctore
590 4094 669 4257 L.
727 4102 958 4285 Eulero,
1020 4178 1076 4303 p.
1138 4174 1269 4297 104.
1356 4137 1408 4234 Q

265 4358 587 4443 uemadmodum
621 4361 666 4444 in
700 4360 881 4451 doerina
916 4362 1123 4452 linearum
1161 4333 1421 4469 carnarum,

159 4547 161 4555 ,
294 4480 395 4573 tace
426 4488 580 4614 semper
629 4489 772 4579 locum
822 4494 1026 4619 obtineat¹
1049 4487 1332 4611 proprietas,
1359 4492 1424 4575 ‘ut
1555 4566 1562 4579 .

569 4646 574 4655 “
635 4638 639 4645 ’
847 4670 851 4677 ·
1318 4642 1419 4741 P¹⁰5

1671 2750 1685 2821 ζ·
1828 2793 1850 2839 ἱ
