4200 5617
645 506 711 669 '40
1013 545 1335 648 unnsnnu-
1375 508 1599 691 sonos·

759 810 763 820 ’
801 792 834 889 §.
877 808 889 868 r
902 804 942 887 5.
980 780 1318 873 Sumaturnunc
1352 787 1514 871 summa
1568 772 1749 896 quinque
1801 770 1941 892 prio-⁸
2071 805 2072 840 t

649 942 745 1006 rum
778 918 1057 1001 terminorum
1099 936 1143 999 ct
1170 914 1407 1002 'habebitur
1457 938 1502 1014 4,
1523 940 1647 1025 4979
1669 918 1744 1025 q',³
1794 912 1918 999 haim

647 1045 827 1155 duplum
879 1044 1235 1155 :8,99584‘,
1284 1049 1351 1130 cui
1402 1048 1568 1129 addatur
1600 1044 1644 1154 q'
1692 1064 1816 1153 atque
1862 1039 1918 1127 fic

648 1176 898 1261 obtinebitur
932 1200 978 1279 9,
998 1173 1183 1283 99584¹
1217 1173 1286 1257 rel
1322 1207 1368 1276 0,
1391 1182 1510 1272 5631
1545 1159 1704 1288 erhaec
1745 1171 1918 1289 quidem

647 1306 848 1417 quantitas
881 1308 1013 1386 maior
1045 1304 1100 1388 est
1131 1326 1254 1410 quam
1275 1284 1336 1409 ’ξς
1366 1308 1407 1383 'at
1441 1302 1471 1383 (ι
1504 1304 1724 1387 sumantur
1741 1320 1918 1409 quatuor

649 1436 805 1553 prioris
837 1436 1006 1517 termini
1040 1437 1118 1517 erit
1151 1436 1314 1515 summa
1331 1454 1491 1535 eorum
1510 1413 1578 1526 ¹:
1601 1458 1625 1532 3
1651 1493 1664 1540 ‚
1701 1442 1822 1534 7182
1842 1434 1917 1538 q‘3

649 1563 774 1647 huius
805 1562 982 1673 duplum
1015 1582 1128 1664 :7‚
1147 1569 1274 1663 4364
1293 1562 1364 1669 q«,
1398 1557 1428 1642 fi
1461 1564 1630 1646 addatur
1648 1560 1691 1666 ql
1709 1558 1917 1649 habebitur

650 1716 758 1777 nunc
792 1692 1042 1803 '8,4364q'
1076 1689 1145 1774 ntl
1179 1714 1224 1795 0,
1243 1696 1365 1792 4753
1405 1688 1500 1771 haec
1536 1708 1680 1776 autem
1713 1688 1917 1800 quantitas

649 1846 759 1907 nunc
794 1825 932 1905 minor
965 1824 1020 1905 est
1053 1841 1178 1929 quarn
1210 1830 1259 1925 ξς
1291 1841 1391 1923 ergo
1424 1816 1565 1927 regula
1595 1819 1751 1901 ,nostra
1800 1842 1917 1902 com-

647 1954 856 2059 pendiaria
903 1948 1067 2061 optime
1112 1954 1280 2052 quadrat
1331 1971 1430 2031 cum
1482 1972 1583 2033 tero
1634 1952 1774 2031 ra'ore
1801 1967 1812 2023 t
1842 1931 1917 2029 'fic

649 2079 786 2189 itaque
835 2102 913 2186 pro
962 2074 1146 2161 ducentis
1200 2076 1306 2156 natis
1357 2062 1411 2158 fi'
1439 2076 1513 2162 fiat
1562 2080 1765 2189 certatio,
1812 2058 1947 2155 num

648 2200 765 2291 seirus
794 2205 1017 2289 differentia
1053 2206 1186 2287 maior
1219 2202 1354 2288 futura
1389 2201 1440 2307 lit
1478 2228 1605 2315 quam
1638 2207 1793 2290 'decem
1844 2199 1946 2289 rel

650 2361 765 2436 non,
828 2333 921 2417 dico
989 2332 1184 2441 posterius
1231 2333 1310 2450 else
1366 2334 1612 2441 probabilius
1659 2352 1701 2416 et
1747 2328 1915 2443 aequam

649 2465 823 2549 demum
855 2463 938 2550 fore
971 2462 1287 2567 certationem,
1320 2462 1349 2543 fi
1389 2472 1508 2562 5631
1544 2461 1767 2570 offirantur
1812 2465 1916 2547 c'on·

609 2612 613 2619 ·
651 2604 713 2675 tra
748 2596 906 2694 4369:
940 2590 1031 2672 imo
1063 2593 1221 2697 poterit
1254 2588 1452 2692 audacter
1482 2590 1689 2676 ducenties
1741 2590 1912 2675 millena

652 2718 787 2804 millia
817 2738 953 2803 contra
987 2740 1124 2801 unum
1156 2714 1333 2828 offerre,
1368 2716 1399 2803 sr
1435 2716 1630 2804 alteruter
1661 2722 1780 2805 sexus
1810 2721 1914 2803 infra

654 2857 715 2933 σο
751 2847 1002 2935 descenderit.
1086 2904 1089 2909 -
1160 2882 1168 2887 ·

803 3108 838 3209 ς.
878 3113 946 3190 16.
980 3102 1096 3219 Quae
1127 3100 1234 3194 dieta
1286 3108 1396 3207 lunt,
1426 3108 1475 3191 de
1524 3106 1757 3216 quaestione
1800 3126 1915 3215 para·

653 3228 801 3345 graphi
830 3235 1097 3337 duodecimi,
1129 3260 1206 3343 qua
1242 3236 1400 3335 limites
1427 3262 1505 3345 pro
1536 3234 1914 3347 aequiprobrbilita·

655 3382 727 3467 re,
766 3361 847 3447 saue
880 3363 1038 3445 valores
1073 3388 1109 3472 μ
1143 3367 1190 3447 ad
1222 3384 1363 3452 datum
1398 3391 1625 3458 numerum
1663 3365 1738 3471 N,
1782 3365 1915 3446 deter-

654 3492 841 3577 minandi
876 3509 1029 3593 erant,
1060 3494 1147 3573 eius
1180 3492 1269 3576 sunt
1302 3494 1448 3577 indolis
1480 3517 1529 3577 vt
1557 3496 1739 3581 conuertl
1773 3489 1916 3603 poffiut
1951 3570 1956 3581 .

656 3619 756 3705 hinc
790 3644 918 3705 nouae
952 3618 1499 3729 quaestiones‘formantnr,
1532 3630 1574 3709 in
1605 3648 1702 3727 quas
1748 3616 1917 3724 analylrs

613 3818 618 3823 .
655 3750 919 3835 dominetur:
955 3746 1046 3831 Sint
1065 3746 1224 3846 „uerbi
1257 3756 1418 3856 gratia,
1450 3756 1534 3837 duo
1566 3750 1799 3837 Collulores
1829 3750 1918 3832 alea

656 3880 854 3965 continuo
902 3873 1011 3957 inter
1060 3873 1097 3954 se
1147 3897 1381 3980 certantes,
1435 3904 1527 3965 nter
1579 3880 1735 3992 quonis'
1765 3870 1915 3986 jactu,

656 4024 783 4118 prout
833 3999 916 4085 alea
968 4002 1051 4084 stne
1103 4026 1328 4109 numerum
1387 4030 1526 4110 parem
1579 4014 1663 4094 siue
1714 4010 1914 4117 imparem

566 4164 603 4209 ‚¹
658 4132 874 4227 attulerit,
940 4129 1138 4238 punctum
1191 4141 1339 4219 vnum*
1374 4133 1627 4241 lucrifaciet,
1679 4138 1765 4223 nec‘
1802 4135 1953 4247 przus'

658 4263 775 4349 finita
796 4286 855 4343 res
876 4257 950 4363 srt,
981 4276 1233 4370 quamtum
1269 4263 1461 4353 alteruter
1496 4271 1675 4357 alterum
1712 4293 1777 4369 94
1810 4278 1916 4374 pun-

658 4394 731 4479 ctis
762 4390 931 4497 vicerit,
960 4394 1168 4502 quaeritur
1201 4415 1395 4480 numerus
1427 4398 1610 4485 iactuum
1657 4400 1746 4510 post
1775 4418 1916 4503 ‘quem
1959 4404 1965 4415 ’

1730 4630 1733 4635 ,
1792 4543 1917 4637 aeque
