4200 5617
611 592 1049 716 eeutolete«
1200 520 1203 525 ²
1410 580 1523 689 n

193 848 269 913 rus
302 820 544 931 N·ptoduci
576 826 701 931 poffiu
769 824 823 947 Vt
856 846 956 909 uero
985 828 1033 909 nd
1069 826 1196 911 huius
1229 830 1458 941 problema·

186 956 250 1040 ¹tis
282 948 565 1037 tractationem
596 976 649 1037 eo
679 955 833 1037 facilior
872 956 1004 1037 editus
1058 978 1246 1060 poneret,
1297 962 1457 1045 lllnur:

192 1080 361 1169 Auliou
389 1078 526 1161 'cossun
560 1084 699 1188 primo
732 1082 982 1189 vulgarem,
1034 1106 1120 1191 quo
1170 1084 1331 1170 relictae
1384 1112 1463 1173 nu·

196 1208 326 1295 metir
356 1206 602 1293 naturalibus
633 1210 681 1293 ab
720 1238 739 1293 1
778 1212 981 1319 usquead
1015 1216 1045 1289 6
1081 1228 1276 1295 notentur
1326 1214 1463 1299 const·

193 1338 365 1441 derauit,
396 1335 497 1417 circa
526 1354 651 1443 quarn
669 1336 872 1438 ollentlit,
908 1336 937 1419 sr
971 1334 1210 1424 huiusmodi
1241 1339 1461 1447 expreliio·

127 1510 132 1515 ·
192 1470 262 1553 uis
290 1460 986 1569 (x¹÷x²÷x'÷x‘÷x⁵÷r³)²¹
1026 1465 1099 1549 lint
1126 1467 1335 1571 euolurio,
1366 1488 1458 1553 tnnt

192 1592 389 1707 quemuis
424 1591 658 1699 potestatem
690 1586 746 1676 rtN
782 1596 823 1675 in
854 1618 897 1675 eo
932 1594 1053 1677 toties
1084 1620 1325 1699 occurrere,
1359 1620 1459 1705 quot

193 1726 334 1813 molis
368 1718 623 1830 proliciendo
661 1742 688 1802 n
736 1720 919 1823 tellures,
971 1744 1167 1807 numerus
1224 1722 1264 1808 N
1318 1734 1463 1809 cadere

191 1849 326 1965 pollit.
392 1845 554 1933 Deinde
585 1849 793 1957 quomodo
825 1847 919 1933 hoec
956 1849 1144 1935 euolutio
1167 1850 1377 1961 *eptillrme
1410 1854 1459 1939 fit

191 1976 434 2067 instituenda
465 1977 608 2082 docet,
638 1995 680 2063 et
712 2000 911 2087 quaenam
953 1980 1046 2063 inde
1075 1981 1235 2065 oriatur
1265 1984 1459 2067 determi-

195 2109 311 2193 natio
340 2103 689 2206 coefficientiunt‚
732 2130 835 2214 quae
890 2108 946 2187 ira
989 2130 1223 2217 eompnrutn
1271 2108 1358 2214 eli,
1408 2129 1457 2197 ut

192 2234 350 2343 semper
382 2232 550 2343 quilibet
582 2232 813 2319 coefficiens
846 2258 918 2343 per
951 2254 1032 2319 tres
1065 2235 1344 2343 praecedentes
1380 2262 1458 2323 ex·

196 2366 430 2475 punietur,
463 2361 532 2446 ubi
564 2363 604 2447 id
638 2383 776 2446 temen
809 2382 952 2447 notatu
982 2366 1156 2471 dignum
1197 2364 1360 2470 euenit,
1405 2383 1455 2450 vt

196 2488 296 2575 licet
328 2483 375 2568 hi
426 2488 695 2574 coefficientes
736 2488 905 2573 tandem
956 2518 1001 2577 tn
1050 2490 1231 2577 nihilum
1282 2494 1457 2596 abeunt,

192 2635 237 2703 et
272 2611 466 2727 postremi
500 2614 647 2720 primis
676 2615 755 2697 srnt
803 2638 945 2723 pares,
990 2619 1034 2699 id
1084 2639 1222 2703 tamen
1268 2640 1324 2698 ex
1370 2621 1455 2725 ipse

190 2742 409 2831 “eundem
444 2735 637 2823 relatione
667 2741 829 2825 inuenta
857 2762 1106 2856 nequequam
1143 2740 1363 2859 perspicere
1395 2740 1458 2865 lig

191 2890 287 2963 cett

342 2996 471 3089 Porro
520 2993 750 3087 faciliorem
791 2996 965 3110 exponit
1017 3000 1220 3108 modum,
1267 3024 1351 3111 quo
1400 2995 1445 3086 hi

189 3132 457 3223 eoefficienres
489 3130 724 3237 inuestigeri
760 3124 949 3239 possunt,
981 3155 1060 3241 pro
1093 3130 1243 3239 quouis
1291 3128 1451 3215 tesseru-

189 3286 290 3350 rum
323 3284 527 3363 numero,
561 3256 592 3342 fi
623 3258 748 3343 iidem
780 3281 856 3369 pro
889 3250 1066 3342 numero
1098 3254 1255 3340 unitate
1289 3257 1469 3358 minore·

189 3390 275 3475 ient
306 3390 458 3478 fuerint
491 3387 677 3490 inuenti,
708 3386 777 3471 uni
813 3387 940 3472 etiem
991 3378 1193 3471 Tabulam
1243 3384 1448 3494 subiungit

190 3519 486 3622 ostendentem,
516 3534 617 3625 quot
652 3514 782 3599 molit
816 3536 960 3597 omnes
1007 3515 1170 3597 numeri
1222 3515 1271 3598 ab
1328 3536 1343 3596 ι
1399 3513 1451 3601 ed

190 3651 255 3751 3⁶
288 3642 436 3727 tolleris
467 3640 704 3750 vulgaribus
735 3660 910 3750 quorum
944 3665 1136 3725 numerus
1165 3662 1289 3749 usque
1319 3643 1368 3727 nd
1422 3652 1447 3730 8

183 3772 353 3861 escendit
382 3773 521 3859 cudere
553 3768 681 3885 polltt
748 3765 809 3851 At
838 3794 939 3855 uero
969 3796 1099 3883 quum
1132 3767 1322 3854 euolutio
1362 3770 1449 3854 for·

188 3899 326 3987 mulne
360 3901 547 4012 primum
585 3892 822 4010 propositae,
853 3896 930 3983 alia
962 3902 1121 3989 ratione
1139 3896 1292 3983 institui
1311 3896 1446 4010 politt,

187 4051 237 4118 ut
268 4028 437 4142 quilibet
465 4026 696 4115 coefficiens
727 4024 899 4112 absolute
941 4027 1160 4138 affigoetur
1177 4048 1306 4137 neque
1327 4050 1444 4137 prae·

189 4159 411 4245 cedentibus
441 4158 490 4245 ed
521 4154 598 4242 hoc
629 4180 730 4271 opus
760 4154 841 4266 sn,
872 4154 1017 4243 isthaec
1059 4154 1281 4259 euolutio‚
1329 4174 1446 4242 tento

190 4288 319 4393 magis
346 4285 642 4395 expolitionem
677 4283 861 4389 meruit,
891 4310 974 4396 quo
1004 4283 1159 4375 lucilius
1197 4284 1344 4370 eadent
1391 4288 1444 4371 ad

187 4416 322 4527 ipsunt
354 4414 562 4537 problema
595 4412 780 4527 generale
828 4413 1030 4528 applicari
1080 4429 1215 4529 queat.
1297 4409 1445 4518 Neque

785 4564 868 4651 ca
1240 4560 1444 4627 maturent
