4200 5617
362 428 763 613 Qvoavnoan'
818 499 1195 592 emmeram.
1315 528 1407 623 509

90 743 95 755 '
160 729 426 836 distiogdeus3
456 741 559 842 quae
579 755 657 816 noa
691 726 802 816 facile
831 748 1094 816 excrementa
1125 734 1223 818 elabi
1258 732 1405 819 fioont.

161 860 295 970 Ipsum
339 859 573 944 intestinum
619 881 780 944 caecum
842 857 945 956 (ii)
1012 859 1150 945 multo
1205 866 1411 968 angustius

157 989 208 1072 eii
241 985 311 1069 suo
343 989 562 1096 appendice
593 1008 635 1069 et
668 993 709 1063 6.
741 980 813 1066 lin.
847 985 978 1067 latona
1004 1013 1041 1066 1.
1060 988 1161 1098 poll.
1195 996 1236 1069 er
1265 999 1306 1073 6.
1333 993 1402 1083 lio,

157 1116 329 1217 longum
361 1139 413 1200 ex
444 1114 596 1200 duobus
637 1108 911 1198 lobisitidem
946 1113 1113 1198 valaula
1136 1116 1408 1204 -ioterstinciis

152 1239 405 1347 conflatum3
435 1262 560 1349 prope
611 1237 767 1327 collum
820 1241 1051 1350 posterioris
1103 1243 1228 1328 intrat
1275 1244 1405 1355 ileum

154 1371 268 1474 (1);
302 1394 398 1455 cum
428 1367 627 1451 anteriori
660 1368 782 1453 colon
816 1370 1017 1476 iungitur.
1078 1371 1127 1454 ln
1156 1397 1234 1482 qua
1254 1377 1406 1459 anione

149 1523 309 1585 caecum
340 1490 537 1581 et-colon
571 1491 684 1580 valde
716 1495 838 1580 firma
871 1499 975 1580 sunt.
1038 1494 1173 1583 Coioo
1206 1501 1309 1602 (K)
1358 1503 1406 1586 ab

148 1626 269 1712 initio
299 1625 626 1733 naiadumque
657 1627 770 1731 gyris
803 1625 968 1726 intortis
998 1623 1176 1710 firmiter
1220 1631 1327 1711 inter
1358 1633 1398 1712 se

148 1778 218 1866 per
253 1751 486 1838 cellulosam
527 1749 833 1838 cohaerentibus
869 1753 1047 1859 affurgit
1096 1754 1139 1836 io
1190 1755 1402 1860 regionem

146 1882 441 1994 epigastricam‚
468 1879 562 1965 dein
594 1884 730 1968 versus
760 1881 983 1966 dexteriora
1009 1881 1253 1966 inclinatum
1274 1909 1403 1993 prope

146 2015 335 2096 ieiunum
385 2007 583 2116 descendit
621 2011 669 2094 ad
720 2006 806 2092 ilea.
892 2008 989 2096 Inde
1036 2009 1193 2094 iterum
1244 2011 1401 2094 sursum
1486 2107 1490 2112 ,

145 2139 303 2224 flexum
338 2137 380 2218 in
416 2133 725 2244 hypochondrio
756 2137 913 2222 sraiiiro
944 2137 1011 2224 sub
1060 2139 1247 2224 duodeno
1296 2163 1398 2222 cum
1543 2191 1549 2198 «

142 2263 231 2374 quo
281 2263 388 2350 arde
433 2264 629 2350 cohaeret·
678 2266 935 2354 transuersam
988 2267 1090 2370 legit
1141 2270 1298 2370 viam,
1356 2284 1400 2350 et

137 2395 393 2482 adiendum
445 2393 666 2502 ventriculi
718 2396 954 2502 perueniens
995 2394 1195 2480 abscondit
1241 2396 1279 2477 se
1331 2394 1400 2478 sub

136 2523 245 2631 iilo,
277 2523 374 2605 inde
421 2529 633 2632 emergens
678 2523 772 2608 facit
823 2522 973 2632 plicam
1025 2543 1068 2605 et
1118 2525 1306 2606 deorsum
1353 2523 1395 2606 in

133 2653 264 2738 latere
296 2647 509 2753 descendit,
540 2651 802 2756 intestinoque
836 2649 948 2732 recito
978 2656 1028 2738 ad
1063 2649 1264 2734 vertebras
1285 2646 1398 2732 lum·

132 2783 246 2864 balea
277 2781 467 2862 occurrit.
531 2779 748 2864 Diameter
779 2770 859 2858 coli
895 2777 1073 2862 maxima
1109 2800 1148 2878 5.
1183 2778 1403 2886 linearum,

132 2909 240 2998 retii
274 2905 372 2994 iero
400 2906 562 2992 dimidii
595 2905 759 3022 pollicis
786 2903 854 2990 est.

290 3164 429 3277 Hepar
467 3190 505 3251 1.
539 3162 637 3277 poll.
669 3184 710 3252 et
733 3197 784 3262 ¹2.
814 3162 885 3251 lio.
920 3162 1094 3273 longum
1120 3192 1250 3254 voum
1289 3165 1388 3276 poli.
1505 3242 1509 3253 .

136 3309 181 3376 et
214 3299 254 3379 8.
286 3293 354 3378 lio.
389 3295 521 3378 latum
560 3303 603 3380 6.
635 3296 707 3378 lio.
738 3291 922 3392 crassum,
954 3313 1084 3376 totam
1105 3295 1396 3403 diaphragma·
1445 3285 1452 3292 ’

132 3422 191 3504 tis
210 3423 504 3506 conuexitatem
526 3418 732 3532 implebat,
761 3442 802 3504 ct
836 3422 967 3502 maius
982 3423 1198 3528 occupabat
1217 3419 1394 3530 spatium
1499 3411 1504 3417 ’

131 3547 182 3630 io
218 3545 532 3658 hypochondrio
562 3547 748 3653 sinirim,
779 3571 901 3655 quam
927 3549 1103 3651 dextro,
1136 3578 1179 3652 4.
1216 3549 1399 3633 constans
1439 3627 1444 3634 .

128 3671 240 3758 lobia
270 3699 444 3784 quorum
479 3679 591 3785 prior
623 3678 664 3758 in
703 3672 1015 3783 hypoclrondrio
1039 3678 1185 3760 dextro
1200 3701 1253 3759 ex
1270 3692 1394 3758 ouato

129 3800 366 3908 oblongus,
401 3805 567 3912 reliquie
597 3806 651 3888 est
681 3804 845 3908 minor,
863 3795 916 3884 ‘et
949 3806 998 3888 ad
1031 3804 1219 3892 inferiora
1250 3800 1393 3888 lobulo

128 3929 318 4014 minimo
350 3933 521 4016 audura
544 3934 732 4018 secundus
776 3951 864 4016 erat
895 3931 1091 4013 omnium
1151 3935 1396 4037 maximus3

124 4052 313 4139 vicimus
378 4060 566 4143 multum
632 4060 807 4145 iocando
869 4060 1150 4164 magnitudine
1217 4061 1391 4143 cedebat.

123 4183 175 4264 T
175 4183 303 4266 ertias
338 4189 522 4271 mediam
555 4187 718 4273 habebat
753 4183 950 4270 roiumea
986 4186 1269 4274 inter‘lobum
1308 4188 1394 4296 pri·

122 4329 258 4396 mum
291 4331 345 4397 et·
365 4317 576 4406 nltimam.
611 4311 903 4424 Ligameatum
921 4314 1212 4426 suspendorium
1235 4291 1394 4434 hepatia*

659 4443 818 4543 §aaa
1204 4440 1395 4528 maximo
