4200 5617
685 455 775 532 ηε
847 376 1150 561 uuorurro
1183 433 1444 531 rusruuu
1479 440 1784 532 rauauoxr

1094 656 1526 780 SchoMon.

839 865 911 941 24.
945 838 1012 924 En
1064 863 1186 946 crgo.
1211 840 1455 924 solutionem
1476 913 1483 925 ,
1507 835 1631 919 huius
1679 835 1939 946 problematis

683 969 920 1058 difficillimi
954 966 1059 1050 uude
1090 967 1216 1052 simul
1253 986 1361 1076 patet
1393 961 1518 1048 simili
1549 965 1685 1048 'modo
1733 961 1941 1073 problema

685 1100 823 1182 multo
854 1095 1077 1201 generalius
1106 1121 1190 1204 quo
1222 1109 1400 1190 rr-r-sr
1432 1095 1499 1176 seu
1531 1089 1758 1189 RR-l-SS
1792 1117 1943 1203 aequa·

657 1217 661 1222 ’
686 1228 727 1307 ri
759 1227 891 1310 debeat
921 1223 1119 1308 functioni
1152 1224 1379 1330 cuicunque
1408 1217 1551 1330 *ipsius
1599 1243 1628 1302 u
1677 1218 1843 1304 resolui·
1873 1245 1944 1330 po-

660 1328 811 1437 tuisse.
893 1349 1055 1433 Verum
1083 1374 1182 1434 cum
1216 1347 1283 1438 hic
1314 1349 1472 1433 ualores
1507 1347 1798 1442 litteraruml)
1831 1348 1955 1462 etQ

663 1463 841 1575 [nonfflsr
876 1482 1085 1582 maxime⁸
1120 1472 1511 1563 transcendenraliter
1542 1473 1724 1581 assignari
1765 1477 1947 1586 possint,

597 1635 602 1642 ·
661 1592 669 1723 ι’
687 1597 924 1717 neutiquam
959 1626 1110 1719 patet,
1158 1608 1364 1718 quomodo
1395 1608 1513 1688 unica
1545 1605 1682 1688 saltem
1716 1603 1946 1714 superficies

662 1721 909 1852 ¹simplicior
944 1736 1120 1820 inueniri
1153 1727 1301 1845 qu'eat,
1351 1757 1451 1842 quae
1481 1728 1703 1841 sphaericae
1745 1729 1795 1814 fit
1846 1757 1940 1821 con·

685 1886 847 1970 grueus.
940 1857 1140 1945 Ceterum
1195 1853 1264 1964 lric
1317 1857 1524 1964 artificia,
1574 1859 1718 1969 quibus
1755 1857 1946 1945 hactenus

672 1989 907 2075 'formulam
952 1988 1019 2070 rd
1031 2005 1181 2086 x-r-s,
1194 1989 1253 2094 dy
1286 1989 1334 2072 ad
1368 1986 1723 2098 integrabilit'atcm
1757 2013 1945 2073 reuocare

673 2115 806 2201 ‘licuit
838 2112 1063 2230 distinctius
1093 2115 1311 2224 exposuiffe
1342 2118 1507 2204 iuuabit.
1577 2114 1655 2200 Hic
1687 2136 1824 2200 autem
1859 2117 1945 2227 pri·

688 2260 813 2325 mum
845 2244 1136 2328 obseruandum
1168 2246 1223 2328 esi
1259 2243 1301 2324 in
1335 2243 1409 2326 hac
1442 2242 1620 2330 formula
1654 2261 1784 2326 ternas
1818 2248 1947 2330 uaria·

560 2426 562 2437 ·
689 2371 789 2454 biles
819 2369 1042 2470 contineri,
1078 2387 1237 2482 practer
1266 2393 1297 2458 rc
1325 2388 1365 2452 ct
1381 2400 1417 2479 y
1450 2373 1606 2457 scilicet
1634 2395 1762 2456 unam
1794 2369 1951 2459 uouam'

687 2501 731 2583 iu
782 2495 928 2581 litteris
961 2516 1056 2580 ret
1089 2525 1111 2584 s
1147 2497 1413 2606 inuolutam,
1461 2487 1577 2586 cuius
1613 2499 1757 2582 relatio
1788 2501 1831 2583 ad
1862 2527 1894 2585 a·
1908 2529 1949 2606 y

688 2651 736 2710 ea
770 2628 1008 2734 quaeritur,
1039 2651 1118 2736 qua
1153 2627 1222 2712 illa
1260 2625 1438 2714 surrbula
1470 2618 1715 2737 lu'tegrabilia
1742 2627 1953 2714 reddatur.

688 2752 1051 2856 Artificiaaurem
1086 2752 1152 2836 hic
1182 2752 1400 2838 adhibenda
1425 2761 1481 2838 ‘eo
1527 2758 1726 2858 redeunt,
1775 2775 1826 2840 ut
1875 2776 1950 2866 per

688 2882 851 2995 idoneas?
879 2878 1172 2999 substitutiones
1204 2900 1343 2963 ternae
1377 2902 1506 2966 nouae
1537 2881 1748 2968 variabiles
1780 2901 1815 2991 t,
1848 2909 1874 2968 u
1905 2903 1949 2965 et

689 3033 730 3094 w
762 3001 1105 3113 introducantur,
1137 3007 1394 3120 quaestioque
1421 3023 1478 3094 ¹eo
1512 3013 1743 3116 redigatur,
1785 3033 1835 3095 vt
1869 3009 1951 3092 bu·

689 3136 872 3219 iusmodi
899 3135 1076 3218 formula
1110 3133 1409 3227 Mat-auda
1459 3135 1711 3242 integrabil‘is
1747 3137 1829 3220 'lit'
1854 3137 1953 3222 effi·

687 3261 858 3364 cienda,
890 3259 1063 3380 tertium
1104 3262 1218 3385 etaim
1258 3261 1633 3354 differerrtialeidw
1665 3265 1819 3374 semper
1868 3261 1948 3346 cli·

691 3388 849 3473 minare
883 3388 1021 3493 licet,
1053 3389 1109 3468 ita
1142 3384 1337 3484 ut'haec'¹
1351 3389 1575 3472 variabilia
1596 3417 1634 3474 au
1681 3385 1851 3472 aarum
1892 3389 1945 3470 iu

559 3551 563 3558 ’
691 3517 979 3626 quantitatibus
1023 3513 1151 3595 finitis
1196 3499 1250 3594 br
1299 3528 1352 3594 et
1389 3509 1454 3592 N*
1481 3518 1748 3597 contineatur.
1829 3510 1945 3608 Tum

691 3661 829 3726 autem
860 3641 1107 3753 sequentibus
1138 3635 1286 3718 casibus
1326 3634 1572 3724 solutionem
1605 3641 1750 3724 elicere
1781 3635 1943 3750 licebit,

850 3900 900 3978 1⁰.
935 3892 977 3979 Si
1012 3888 1210 3975 alterutra·
1235 3881 1510 4002 quautitatrim
1526 3895 1595 3980 ‘M'
1612 3889 1652 3979 ct
1672 3889 1946 4004 Ncuaiiescar,

678 4025 878 4133 aramque·
904 4019 947 4103 si?
970 4018 1020 4102 bl
1036 4042 1093 4097 z
1114 4049 1156 4125 0,
1187 4016 1236 4101 'rt
1269 4023 1444 4124 formula
1482 4021 1580 4108 urdt
1606 4020 1663 4105 sit
1689 4024 1944 4134 ilit'egrabilis,

696 4146 843 4265 accerse
875 4149 927 4233 eil
959 4151 1239 4257 quantitatem·
1262 4149 1317 4237 M·
1348 4137 1544 4234 surrsbioui
1570 4149 1708 4259 apfiua
1732 4142 1945 4264 tia'cquaria

694 4274 812 4398 salio·
829 4277 959 4401 igitur
996 4277 1113 4370 M:
1137 4273 1188 4358 Fs
1210 4303 1223 4359 t
1252 4297 1302 4391 t,
1330 4281 1448 4366 tude
1481 4278 1654 4374 relatio.
1671 4282 1782 4374 inter
1817 4303 1945 4368 ternas

1813 4433 1943 4498 varra·
