4200 5617
332 512 785 633 ruracunmeue
845 455 1203 632 utrumnum
1307 549 1394 626 roa

132 755 203 842 seu
240 749 290 836 ab
323 773 353 832 x
383 774 464 834 non
497 753 747 863 pendentem
780 745 990 858 relinqui,
1017 756 1123 864 'quin
1158 756 1294 866 potius
1323 775 1398 864 pro
1502 851 1517 864 ξ

131 900 344 990 ecetram
376 880 633 966 iunetionem
667 876 789 990 ipsius
818 901 848 961 a·
874 900 1007 988 quam
1038 882 1176 988 figura
1217 884 1398 992 corporis

133 1011 305 1116 exigit,
337 1006 516 1093 substitui
540 1027 773 1120 oportere,
799 1008 861 1088 itu
904 1025 953 1090 ut
987 1008 1029 1088 in
1072 1011 1237 1094 secunda
1293 1013 1400 1095 intra

132 1140 327 1248 guntione
358 1138 607 1246 quantitasy
643 1159 729 1218 nou
758 1156 809 1220 rt
838 1135 1021 1221 coustant
1050 1137 1118 1242 feu
1149 1139 1203 1225 ub.
1235 1162 1266 1222 x
1317 1165 1399 1224 nou

132 1273 312 1377 pendens
352 1265 517 1372 spedati
555 1280 688 1379 queat.
770 1263 877 1380 Quia
926 1283 1065 1360 autem
1114 1267 1165 1350 ob
1218 1264 1397 1375 figuram

127 1397 315 1510 corporis
346 1393 580 1482 etiamnunc
613 1388 871 1499 incognitam¹
898 1393 967 1478 ista
999 1379 1263 1481 fun'iiionron
1305 1421 1398 1480 con·
1430 1387 1431 1392 ‘

130 1527 222 1632 liat,
239 1526 485 1637 neutiquam
501 1543 679 1635 apparet,
696 1519 905 1634 quomodo
923 1525 1169 1610 variationes
1189 1525 1394 1612 istiusmo-
1499 1567 1503 1574 -

126 1656 176 1740 di
209 1653 486 1741 formularum
510 1656 809 1763 duplicaturum
833 1641 1103 1737 determinari
1128 1652 1302 1740 debeant.
1631 1645 1634 1652 ’

286 1803 358 1886 47.
392 1781 484 1892 Ipsa
515 1807 613 1868 ueto
647 1779 773 1866 huiuu
810 1779 1050 1888 quaestionis
1102 1801 1243 1865 natura
1294 1782 1395 1866 alias

128 1928 338 2022 praeterea
370 1912 727 1994 determinationes
757 1906 960 2017 requirere
991 1911 1187 2017 videtur,
1219 1933 1392 2021 quarum

124 2041 240 2126 rotie
259 2035 523 2125 insolurinue
555 2034 692 2122 heberi
717 2035 862 2121 debeat
897 2033 1008 2130 Num
1035 2040 1394 2150 ‘quemadmodum

126 2165 166 2252 fi
198 2190 323 2254 curun
355 2166 600 2274 quaeritur,
626 2187 726 2274 quoe
755 2165 863 2249 inter
893 2189 1035 2252 omues
1081 2167 1181 2256 aliua
1221 2169 1452 2297 eandem.Fi

123 2320 267 2382 areum
301 2292 552 2378 includentes
580 2294 815 2378 breuiffirno
840 2313 936 2384 arou
970 2297 1257 2391 contineatur:
1302 2321 1411 2382 non·

122 2424 266 2510 solum
299 2418 396 2508 bulis
425 2423 512 2508 ΑΡ
551 2421 618 2507 sed
659 2423 789 2508 etiarn
837 2420 921 2510 duo
972 2423 1391 2533 pontianum,

121 2577 203 2664 per
230 2575 335 2661 quae
367 2551 492 2636 curua
524 2551 732 2659 trunsset,
756 2549 968 2660 praeteribi
1001 2553 1144 2660 solent,
1173 2557 1233 2638 ira
1265 2553 1395 2638 etiam

122 2681 170 2766 iu
202 2681 336 2767 nollro
368 2679 626 2792 problemate·
652 2702 735 2765 nou
771 2681 898 2772 morlo
936 2676 1085 2784 -basre,
1125 2680 1197 2770 cui
1243 2701 1408 2790 corpur·

121 2825 317 2922 tanquam
350 2810 542 2897 columna
571 2804 727 2901 initiat
760 2829 838 2916 pro
867 2807 1031 2916 cogn-ita
1062 2806 1211 2915 alstemi
1250 2808 1393 2894 debere

120 2939 304 3047 uidetur,
336 2939 557 3026 sedetiam
596 2934 670 3048 ipli
719 2939 901 3022 extremi
950 2937 1118 3022 termini
1153 2932 1388 3046 superficiei

117 3067 339 3174 quaelitae·
403 3063 559 3184 Quodsi
590 3066 700 3156 enim
733 3064 812 3152 hae
845 3085 907 3156 res
940 3089 1023 3152 nou
1075 3066 1406 3175 praescribantur·

116 3217 289 3303 omnes,
322 3223 376 3282 ue
393 3197 613 3308 quaestioni
642 3196 815 3304 quidem
842 3193 1405 3305 certuelocusrelinquiturr·

117 3345 225 3408 nam
273 3325 435 3413 etiamli
480 3321 581 3411 baiis
630 3324 1003 3433 praescriberetur,
1054 3326 1222 3412 termini
1285 3335 1388 3409 uero

118 3449 309 3558 supremi
337 3451 568 3562 superficiei
597 3452 768 3534 arbitrio
793 3452 929 3532 nolito
947 3449 1241 3555 reliqueruntur
1260 3451 1402 3544 mani-2

119 3577 276 3666 festum
309 3579 396 3683 est,
444 3600 531 3689 quo
578 3573 704 3663 altior
752 3563 875 3657 fuerit
922 3572 1116 3660 columna
1163 3606 1212 3666 eo
1258 3581 1389 3686 magia

115 3705 371 3790 soliditatem
425 3704 596 3788 aucium
648 3703 701 3788 iri
745 3700 884 3788 eadem
935 3723 1127 3790 manente
1175 3707 1384 3822 superficie

115 3834 341 3946 supremam
371 3833 702 3943 quandoquidem
734 3827 969 3941 superficies
1001 3832 1177 3920 laterum
1222 3863 1303 3923 non
1345 3839 1388 3920 in

116 3981 374 4076 computum
405 3961 580 4046 ducitur.
648 3961 790 4050 Multo
824 3959 960 4046 minus
1003 3982 1145 4049 nutem
1179 3965 1387 4074 problema

116 4089 206 4175 fine
233 4090 330 4189 bafia
364 4087 679 4204 praefitipt'rone
707 4085 841 4176 ullum
884 4088 974 4179 vim
1003 4093 1233 4193 retineret,
1280 4118 1400 4202 quo-i

115 4220 239 4306 niam
280 4217 360 4306 bafi
409 4218 649 4306 roardanda
700 4220 964 4329 quantumuis
1012 4247 1160 4330 magna
1212 4219 1394 4312 solidiue·

114 4371 221 4436 cum
257 4348 435 4442 minimo
464 4345 676 4463 superficie
706 4347 829 4462 pollet
859 4345 938 4437 else
967 4353 1192 4444 coniuncta.
1239 4475 1364 4567 Evo

1415 2119 1571 2200 Tbll.

1453 2147 1504 2194 r.

1455 2248 1488 2318 g.
1527 2251 1585 2300 ro.
