4200 5617
711 535 819 650 en
1019 515 1755 632 nurcnrnnronns·

910 753 986 860 η.
1049 750 1250 862 MVr
1300 752 1817 868 TALPINVS.
1974 803 1978 808 -

544 916 615 1010 Εἰς.
644 935 680 1008 3·
878 896 1017 984 Datur
1051 895 1202 980 animal
1235 899 1277 980 in
1311 894 1546 1004 regionibus
1575 897 1883 984 australioribus
1904 893 1997 980 Ruf-

727 1025 839 1130 fiae,
871 1027 919 1108 ad
951 1025 1207 1109 occidentem
1242 1023 1405 1128 Volgae
1438 1023 1561 1133 fitis,
1596 1029 1708 1112 mole
1740 1030 1831 1110 fere
1865 1021 2029 1108 Cium

730 1152 800 1242 vel
833 1153 998 1254 Sniuri,
1030 1150 1140 1266 quod
1172 1151 1242 1235 sub
1275 1171 1381 1235 terra
1412 1152 1625 1237 continuis
1655 1155 1864 1238 cunicuiis
1897 1154 1998 1235 inre·

730 1284 826 1386 dit,
868 1302 912 1368 et
944 1303 1113 1389 magnos
1144 1277 1337 1362 cumulos
1367 1280 1533 1389 egerit3
1581 1303 1792 1389 coecum,
1844 1281 1997 1363 aurbu
2028 1364 2029 1375 Ν

718 1411 1002 1510 destitutum,
1049 1426 1193 1493 natura
1243 1424 1378 1513 tamen
1406 1423 1449 1492 et
1479 1406 1777 1495 comeatibus
1812 1408 1997 1491 omnibu

653 1619 656 1630 .
726 1541 956 1628 omurino
986 1560 1133 1647 genere
1164 1535 1272 1619 haud
1304 1535 1504 1622 abludeus.
1586 1535 1701 1622 Mihi
1727 1538 1911 1646 quidem
1946 1537 1997 1619 ad

731 1668 970 1756 mirandum
1004 1665 1127 1748 hocce
1158 1662 1456 1747 animalculum
1494 1663 1843 1769 subterraneum,
1873 1665 1999 1769 quod·
2028 1654 2029 1735 i

727 1817 812 1904 que
846 1785 1054 1899 Zoologos
1085 1789 1295 1902 hucusque
1327 1812 1469 1876 omnes
1501 1792 1654 1900 latuit,
1691 1818 1778 1878 non
1814 1811 1999 1876 occurre·

732 1921 834 2024 bat,
881 1943 953 2003 nce
996 1914 1078 2002 nifi
1119 1941 1257 2029 pauca
1299 1925 1385 2002 eius
1414 1921 1604 2029 exempla
1636 1945 1658 2006 a
1690 1919 1814 2009 Socio
1846 1919 1996 2002 itineris

733 2046 960 2136 Academiae
1010 2045 1228 2156 Inrperiolis
1278 2045 1464 2132 Adiuncto
1502 2044 1994 2133 ermanaricum.

733 2161 1000 2270 Lunncunt
1030 2172 1138 2258 circa
1170 2175 1409 2262 Saratouam
1461 2175 1559 2260 ledi
1608 2175 1728 2280 uidi,
1775 2175 1845 2259 sed
1901 2171 1995 2255 alind

720 2304 953 2390 describam
987 2302 1083 2405 isti,
1131 2323 1289 2412 praeter
1323 2294 1653 2408 magnitudinem
1698 2299 1993 2401 fimillimum,

718 2449 779 2515 er
808 2427 1199 2536 aden-analogum,
1244 2434 1310 2516 nti
1343 2431 1495 2515 citillns
1536 2447 1800 2533 marmotae3
1854 2455 1880 2512 a
1928 2454 1992 2538 qur

734 2560 823 2672 pari
856 2559 984 2642 etiam
1016 2563 1143 2666 gradu
1179 2562 1468 2668 magnitudinis
1498 2559 1647 2645 differt.
1721 2559 1893 2644 Mirum
1919 2560 1993 2660 eii,

729 2683 1065 2791 ⁴uulgatissimum
1101 2686 1584 2798 hocceanimaiculum,
1615 2687 1724 2798 quod
1756 2687 1886 2770 etiam
1903 2681 1992 2772 Get·

735 2817 894 2901 maniae
926 2813 1164 2922 quibusdam
1199 2821 1433 2926 regionibus
1464 2814 1717 2926 inquilinum
1766 2813 1846 2899 effe
1892 2814 1992 2916 scio,

735 2943 965 3056 anemine
1005 2941 1212 3053 hucusque
1262 2941 1549 3052 Zoologorum
1601 2945 1826 3058 indicatum
1876 2939 1993 3026 {uide

734 3067 787 3158 In
840 3071 1124 3182 campestribus
1174 3072 1420 3160 australioris
1467 3069 1627 3160 R'uss'rae
1676 3091 1754 3177 et,
1800 3090 1992 3178 quantun

735 3197 952 3305 exquirere
985 3201 1139 3307 potui,
1187 3198 1356 3290 Sibiriae
1390 3192 1587 3309 nusquam
1633 3215 1714 3283 non
1763 3199 1906 3303 datur,
1960 3217 1993 3280 ct

735 3325 846 3408 arida
878 3349 1036 3430 quoque
1069 3329 1220 3410 deserta
1269 3355 1348 3412 nou
1402 3326 1666 3432 reformidat,
1714 3325 1903 3437 quamuis
1963 3327 1994 3406 iu

737 3443 943 3552 herbidis,
977 3449 1217 3538 subtumidis
1249 3472 1291 3536 et
1323 3455 1374 3537 iis
1412 3456 1645 3564 praeiertim
1680 3453 1779 3538 iocis
1819 3453 1994 3535 maxime

655 3577 657 3588 '
737 3573 940 3680 abundet,
991 3580 1060 3664 ubi
1104 3575 1295 3666 Phlomis
1326 3585 1509 3668 tuberosa
1542 3581 1616 3668 uel
1646 3580 1854 3691 Latbytus
1888 3582 1997 3664 tube·

738 3705 851 3786 rosus
884 3703 1043 3812 copiose
1073 3708 1291 3817 crescunt;
1323 3735 1502 3820 quorum
1519 3715 1580 3795 in
1614 3710 1747 3796 radice
1780 3708 2001 3795 tuberculis

738 3833 927 3916 maxime
957 3831 1216 3943 delebatur,
1246 3842 1365 3924 uario
1395 3838 1633 3947 ceteroquin
1664 3839 1850 3924 radicum
1879 3858 1997 3940 gene·

729 3980 785 4044 re
819 3959 1024 4048 vietitanr.
1110 3965 1184 4050 His
1215 3983 1260 4050 ut
1295 3966 1510 4080 potiatur,
1543 3966 1612 4056 sub
1646 3967 1733 4075 ipso
1760 3964 1939 4074 caespite
1966 3988 1999 4049 et

738 4085 951 4194 superficie
1000 4108 1129 4176 terrae
1177 4118 1298 4180 cauos
1350 4095 1508 4179 canales
1562 4118 1633 4205 per
1673 4091 1819 4206 longos
1849 4093 2000 4182 trador

739 4214 872 4321 fodit,
921 4221 1201 4332 sesquiorgyae
1251 4223 1321 4309 uel
1357 4224 1505 4310 maiori
1538 4223 1748 4307 minoriue
1785 4219 2002 4306 interuallo

730 4345 988 4468 pertundens
1018 4351 1233 4466 caespitem
1263 4373 1305 4443 et
1339 4369 1473 4441 terrae
1505 4346 1728 4440 cumulum
1764 4349 1936 4563 talpinclr1
1950 4347 2003 4429 fi.

995 4506 996 4510 '
1152 4511 1158 4523 '
1854 4499 1896 4562 m
1935 4499 2003 4562 ern
