4200 5617
682 549 744 643 84
1011 535 1113 624 DE
1178 519 1648 628 rountvtts'»
1752 523 1761 536 ’

682 769 815 883 sueque
846 765 1027 855 extremi
1062 761 1223 854 naiores
1253 763 1430 882 ipfiusy
1481 765 1525 847 in
1575 758 1827 877 computum
1879 767 1951 855 in·'

679 902 955 1008 gredientur,
1005 919 1106 1008 quae
1159 918 1280 981 erunt
1331 896 1555 981 functiones
1611 894 1735 1004 ipsius
1784 924 1848 1004 x,
1879 913 1948 984 'ex

679 1027 779 1113 bafis
812 1025 947 1134 figura
998 1029 1211 1134 cognitae:
1260 1025 1394 1136 ficque
1444 1049 1522 1136 pro
1562 1022 1599 1139 s
1609 1022 1647 1108 Z
1673 1029 1736 1138 dy
1788 1031 1970 1114 orietur

679 1156 840 1248 iunetio
873 1151 997 1269 ipsius
1028 1179 1089 1262 x,
1121 1177 1222 1266 quae
1256 1159 1299 1239 in
1332 1155 1387 1241 dx
1417 1153 1535 1238 ducta
1568 1159 1699 1242 denuo
1717 1182 1837 1242 more
1855 1156 1947 1243 soli-

681 1305 728 1374 to
740 1289 859 1372 debet
893 1285 1103 1392 integrari.
1173 1285 1290 1369 Idem
1324 1285 1546 1369 tenendum
1582 1277 1669 1389 est,
1721 1286 1752 1372 u
1801 1289 1963 1377 ordine¹

683 1416 846 1502 inuerso
878 1415 1024 1526 primo
1056 1410 1235 1500 formula
1258 1407 1426 1524 [de
1458 1417 1722 1521 integretur,
1767 1415 1946 1528 spectato

665 1563 781 1655 yut
813 1543 1017 1627 constante
1049 1547 1158 1657 quod
1190 1542 1386 1650 integrale
1417 1547 1518 1630 dum
1554 1565 1625 1653 per
1659 1564 1795 1629 totum
1818 1547 1947 1634 inter·

682 1672 842 1758 uallum
873 1696 903 1755 x
934 1677 1168 1760 extenditur
1199 1673 1373 1756 extremi
1403 1663 1563 1757 ualores
1598 1671 1719 1780 ipsius
1752 1699 1782 1759 x
1814 1675 1949 1762 eidem
2074 1661 2075 1670 Ν

666 1811 704 1911 y'
738 1805 1051 1914 respondentes,
1081 1805 1153 1914 qui
1188 1790 1324 1884 erunt?
1343 1795 1567 1888 fundiiones
1596 1801 1721 1909 ipiius
1738 1821 1789 1910 γ’,
1826 1804 1944 1888 inue-

686 1930 842 2017 ltentur
860 1995 886 2039 ,,
904 1929 1038 2042 sicque
1060 1927 1091 2037 s
1103 1923 1230 2014 de
1260 1925 1382 2012 abibit
1414 1930 1458 2010 in
1492 1927 1741 2014 functionem
1775 1930 1901 2042 ipfius
1910 1963 1949 2045 y

687 2066 890 2161 tantum,
910 2083 1019 2167 quae
1050 2080 1124 2166 per
1152 2057 1213 2162 dy
1249 2055 1525 2164 multiplicata
1555 2059 1687 2144 denuo
1733 2059 1791 2142 ita
1842 2064 1948 2146 inte

685 2191 798 2298 grati
830 2187 981 2293 debet,
1016 2203 1064 2269 ut
1098 2186 1298 2292 integrale
1331 2209 1401 2295 per
1434 2203 1572 2271 totum
1607 2183 1878 2271 interuallum
1910 2221 1953 2302 y

682 2320 938 2405 extendatur.
1005 2309 1198 2426 Vtroque
1210 2307 1381 2398 scilieet
1431 2317 1555 2400 modo
1607 2316 1833 2422 integratio
1876 2344 1950 2430 per

685 2463 819 2532 totam
855 2445 964 2529 bafin
997 2443 1053 2526 est
1082 2443 1346 2549 extendenda,
1378 2443 1602 2554 eademque
1619 2465 1829 2556 praecepta
1855 2448 1952 2534 sunt

684 2575 959 2684 obstruenda,
990 2573 1281 2688 qualiscunque
1321 2569 1363 2659 Z
1396 2572 1521 2662 suerit
1564 2571 1722 2662 functio
1766 2577 1957 2692 ipsarum

683 2723 856 2824 ιιι).

842 2990 916 3083 to.
951 2967 1041 3064 nat
1072 2961 1288 3086 ergodata,
1319 2965 1609 3061 determinatio
1626 2967 1955 3080 integrationum

687 3087 856 3215 perinde
888 3104 1107 3214 sehabet,
1139 3130 1185 3192 ae
1218 3105 1249 3190 fi
1279 3105 1482 3215 quantitas
1512 3097 1553 3190 Z
1595 3101 1690 3189 effet
1738 3101 1953 3207 constane,

683 3247 1028 3344 quaerereturque
1062 3249 1223 3320 tantum
1260 3229 1457 3340 integrale
1476 3226 1510 3341 J
1509 3233 1541 3344 s
1551 3231 1711 3338 dxdy,
1744 3255 1828 3342 quo
1851 3251 1955 3314 area

682 3354 781 3443 baiis
813 3362 1082 3472 exprimitur.
1147 3363 1286 3484 Quare
1318 3366 1365 3449 ad
1399 3378 1639 3474 praecepta,
1668 3382 1771 3472 quae
1804 3359 1850 3441 in
1883 3357 1952 3442 de·

682 3489 977 3576 terminatione
1017 3487 1172 3572 horum
1221 3489 1487 3598 integralium
1537 3489 1737 3575 obseruari
1787 3501 1953 3598 oportet

683 3616 942 3726 stabilienda,
990 3618 1164 3704 sufficiet
1207 3613 1373 3730 poiuiffe
1405 3613 1603 3722 221,
1653 3635 1701 3703 rt
1753 3609 1950 3722 integrale

681 3744 941 3858 duplicatum
974 3737 1080 3859 ssd
1092 3745 1201 3851 ady
1247 3744 1528 3836 definiendum
1575 3745 1626 3830 stt
1677 3745 1759 3830 srue
1807 3763 1954 3828 autem

649 3961 653 3968 ,
681 3874 868 3959 sumatur
899 3898 930 3956 x
960 3871 1045 3956 fiue
1063 3899 1131 3982 y,
1162 3877 1345 3961 extremi
1379 3877 1537 3965 naiores
1568 3879 1783 3990 rtriusque
1814 3873 1956 3958 deter·

682 4004 947 4088 minabuntur
980 4013 1053 4112 per'
1087 3985 1369 4126 aequationem
1427 4005 1527 4092 baiis
1576 4002 1755 4114 figuram
1804 3999 1951 4114 expri-

492 4161 585 4262 Tg
623 4168 651 4240 1
682 4145 880 4218 mentem
944 4119 1109 4217 Scilicet
1143 4133 1275 4246 priori
1306 4136 1578 4243 integratione
1634 4133 1828 4249 unna,
1877 4127 1954 4220 ubi

517 4270 593 4364 Εἰς.
618 4289 656 4368 5
681 4251 881 4372 punctum
914 4250 958 4346 Y
995 4259 1219 4374 ubicunque
1251 4265 1361 4348 intra
1394 4264 1591 4352 terminos
1620 4282 1831 4353 extremos
1863 4275 1955 4342 erat

506 4511 514 4526 Ι
687 4389 942 4556 affumtum
973 4405 1069 4485 tum
1100 4387 1182 4482 hoe
1214 4395 1463 4522 punitum
1448 4421 1494 4488 ιιι
1526 4392 1807 4517 peripheriam
1853 4385 1957 4474 bafia
2067 4437 2068 4497 q

1365 4572 1370 4582 ·
1823 4535 1966 4635 transf
