4200 5617
578 427 1046 623 nastolae«
1146 436 1151 442 ³
1375 522 1435 664 1ι

158 751 348 845 quotum
397 748 590 843 perpetua
622 732 695 821 fiat
740 728 1005 819 transuasatio
1035 756 1089 819 ex
1117 756 1204 819 uuo
1251 733 1401 821 uase
1391 764 1434 825 ιιι

118 886 123 891 ·
155 860 356 967 alterum,
385 878 427 947 et
442 884 672 1005 quaeratur
690 887 893 1001 quaenam
923 881 1037 946 certo
1069 882 1261 975 tempore
1290 866 1430 983 elapso

155 986 215 1080 fit
248 992 314 1077 lex
350 990 654 1105 permixtionis

312 1244 475 1338 Deinde
504 1247 949 1363 explicationemtasus
981 1248 1192 1363 aliquanto
1221 1250 1432 1344 difficilia·

155 1377 241 1486 ris,
269 1402 352 1491 quo
383 1374 916 1496 tres‘proponuntururnae
948 1378 1147 1491 adgressus
1181 1386 1235 1469 eii
1268 1382 1436 1471 illustr:

155 1503 341 1616 Audiet,
370 1514 544 1599 ostendit
575 1530 717 1599 autem
752 1506 874 1596 huius
907 1512 1149 1625 quaestionis
1188 1513 1435 1602 solutionem

156 1640 404 1749 eureduci,
439 1661 487 1731 ut
519 1645 790 1752 inuestigetur'
810 1640 899 1727 lex
951 1639 1308 1754 permutationum
1359 1670 1438 1757 pro

154 1764 389 1870 schedulis,
420 1796 523 1884 quae
555 1771 658 1859 solae
687 1772 737 1856 ub
770 1771 889 1857 initio
923 1770 966 1855 in
1002 1776 1137 1885 prima
1170 1798 1271 1857 urna
1313 1797 1436 1886 repo-

155 1896 260 1985 ritae
288 1920 440 2008 erant;
482 1903 577 1989 inde
626 1904 743 1987 enim
794 1901 1095 2014 reliquarum?
1107 1908 1436 2015 permutationes

154 2026 274 2117 sacili
306 2030 476 2139 negotio
504 2032 648 2119 deduci
682 2034 858 2151 poliunt.
925 2031 992 2119 Ex
1036 2036 1265 2145 praeceptis
1314 2029 1440 2141 igitur

149 2158 367 2248 doetrinae
396 2163 784 2273 combinationum,
814 2162 992 2247 inuentis
1023 2162 1340 2273 exprethouibus
1360 2182 1439 2243 nu·

157 2290 330 2373 merum
362 2288 642 2378 schedularum
675 2292 892 2395 albarum,
926 2298 969 2375 in
1001 2294 1148 2399 quauis
1180 2317 1282 2377 urna
1336 2313 1441 2400 (οιι-Ι

157 2428 378 2498 tentatum
422 2418 751 2531 explicantibus,
803 2413 951 2527 insigni
999 2414 1182 2521 artificio
1228 2417 1440 2528 analytico

152 2538 379 2649 adhibito,
409 2540 638 2655 explicauit
664 2545 874 2658 quomodo
901 2544 968 2631 his
997 2546 1310 2655 expressionibus
1359 2548 1438 2631 ulia

153 2670 298 2758 forma
328 2668 467 2758 induci
497 2688 650 2784 queat,
683 2690 733 2757 vt
765 2672 965 2757 terminos
993 2672 1231 2762 contineant
1263 2687 1441 2759 nurnero

149 2776 339 2903 finitos,
369 2820 522 2913 eosque
551 2822 697 2885 ornnes
745 2800 878 2887 reales,
943 2800 1058 2884 Tum
1111 2822 1213 2884 vero
1236 2804 1440 2887 eandem

148 2922 274 3015 'hauc
307 2920 587 3076 solutionem,
619 2943 668 3012 ut
700 2950 777 3041 pro
806 2926 898 3015 casu
931 2932 1061 3043 priori
1093 2933 1283 3037 fecerat
1309 2928 1440 3017 etiam

156 3078 220 3142 ex
263 3054 482 3170 principiis
530 3054 680 3145 calculi
729 3056 1054 3142 infinitesrmulis
1100 3057 1308 3167 deduxit,
1360 3082 1445 3171 quo
1499 3040 1509 3052 ⁶

159 3183 254 3297 ipso
273 3188 500 3299 'utriusque
526 3185 738 3275 cousensus
769 3186 945 3295 'egregie
993 3184 1234 3273 illustratur.
1259 3234 1266 3243 ·
1299 3181 1437 3273 Deni-

157 3334 247 3426 que
277 3312 612 3405 considerationes
642 3314 836 3427 quasdam
877 3314 1099 3427 singulares
1136 3314 1440 3430 superaddidit,

158 3442 219 3526 ad
253 3442 543 3533 illustrandam
593 3446 765 3554 legem,
810 3468 937 3554 quam
983 3442 1059 3531 hae
1111 3448 1441 3562 permutationua

4 3599 9 3612 ¹
159 3570 427 3682 sequuntur,
455 3573 528 3659 vbi
557 3572 726 3685 quidem
756 3572 983 3659 obseruauit
1015 3598 1098 3659 non
1129 3572 1264 3662 solum
1298 3594 1440 3667 totum

160 3698 338 3809 systema
366 3698 419 3783 ad
451 3698 600 3788 statum
633 3720 944 3810 permanentem
984 3722 1185 3813 tergere,
1215 3731 1302 3821 quo
1344 3732 1439 3794 om·

166 3848 241 3915 nes
272 3822 479 3915 schedulae
511 3826 556 3915 in
588 3824 760 3935 fingulis
811 3829 928 3916 urnis
972 3832 1200 3945 aequaliter
1234 3832 1441 3923 interse

163 3960 260 4045 sunt
290 3956 520 4075 permixtae
549 3956 614 4045 sed
644 3954 775 4045 etiarn
809 3958 990 4047 infinitas
1013 3963 1146 4071 heu,
1164 3960 1284 4053 'ultra
1316 3968 1440 4055 citra·

165 4109 249 4199 que
278 4084 386 4176 hunc
434 4090 589 4177 statum
630 4111 941 4203 permanentem
988 4094 1243 4187 transitiones
1261 4112 1286 4209 ,’
1322 4114 1442 4187 ente·

164 4236 296 4337 quam
324 4221 378 4319 ed
405 4246 514 4319 eum
553 4224 824 4347 perueniatur·
953 4276 960 4307 ÷

1084 4394 1089 4404 ¹
1228 4403 1261 4414 '⁷
1318 4402 1339 4435 .'
1367 4404 1417 4433 ”u
