4200 5617
725 489 813 586 508
966 439 1771 564 =onson1rr1o

596 729 603 764 ’-
712 691 761 796 ¹i'e
788 691 1001 808 inclinans,
1033 697 1226 790 inseritur
1259 698 1490 788 ventriculo
1522 703 1570 788 ad
1608 701 1830 808 incisuram
1863 699 1972 814 ipiirs
2033 658 2035 783 i

723 856 836 948 antea
885 833 1139 947 nominatam
1189 829 1316 949 (D)
1366 834 1540 944 pylorus
1591 828 1606 942 l
1646 833 1741 935 E)
1788 833 1860 916 sub
1904 831 1971 915 fine

724 960 1027 1072 hypoehondrii
1060 959 1205 1046 linistri
1234 965 1391 1050 sorsum
1426 959 1647 1072 paulolnnt
1674 959 1879 1067 adurgens
1895 962 1972 1042 facit

724 1095 922 1198 exiguam
955 1087 1233 1194 gibbofitarem
1264 1110 1307 1175 et
1338 1091 1526 1178 deorsum
1559 1094 1598 1176 se
1622 1089 1826 1177 inclinans
1848 1116 1973 1173 occur·

621 1337 625 1343 Ι
724 1224 781 1307 rit
813 1220 1003 1304 intestino
1033 1216 1221 1302 duodeno
1253 1214 1361 1332 (F)
1396 1219 1507 1332 quod
1538 1218 1579 1302 in
1624 1220 1757 1304 initio'
1804 1243 1845 1318 3.
1890 1219 1967 1302 Lin.

571 1431 574 1437 ,
699 1353 767 1434 ‘in
802 1351 1003 1434 diametro
1032 1369 1234 1456 aequans,
1273 1347 1343 1430 snb
1390 1345 1665 1436 ventriculum
1721 1347 1761 1432 se
1814 1345 1968 1453 recipit,

725 1499 769 1566 et
800 1478 890 1561 inde
921 1499 1153 1582 emergens.
1174 1477 1400 1561 transuerso
1448 1499 1567 1585 atque
1620 1477 1820 1560 inclinato
1866 1479 1967 1560 dudo

725 1631 799 1718 per
833 1603 1358 1716 regionem'epigastricam
1392 1609 1439 1691 ad
1472 1605 1837 1718 hypoclroodrinm
1884 1608 1970 1690 dex·

665 1820 668 1826 .
726 1753 859 1842 rrum,
890 1734 1133 1841 etquidem
1167 1735 1216 1818 ad
1250 1734 1482 1839 marginem
1515 1727 1623 1820 renis
1639 1736 1777 1819 dextri
1810 1733 1968 1842 superio

724 1887 848 1971 rem,
882 1879 1101 1971 properat,
1135 1881 1176 1945 et
1208 1862 1388 1973 indique
1418 1861 1557 1973 hepati
1610 1885 1683 1972 per
1731 1857 1970 1968 ligamenta,

724 1992 942 2086 adhaerens
974 1990 1149 2074 accurrit
1182 1990 1353 2099 ieiuno,
1385 1995 1494 2100 quod
1526 1992 1653 2104 poulo
1684 1991 1846 2073 tenuius
1882 1993 1969 2076 dno·

714 2126 834 2244 ‘deno
871 2127 915 2216 αξ
951 2112 1019 2204 lin.
1055 2120 1098 2203 in
1130 2120 1357 2225 diametro,
1386 2144 1411 2202 a
1441 2121 1595 2208 dextris
1622 2122 1970 2223 versus-regionem

724 2243 1007 2336 ombilicalem
1040 2245 1301 2353 inclinarat,
1331 2265 1375 2334 et
1410 2237 1460 2330 in'
1507 2274 1551 2334 ea
1600 2271 1729 2355 gyros
1758 2249 1853 2332 suos
1897 2275 1971 2356 per·

724 2379 847 2485 ficit,
905 2371 1143 2485 altinoque
1197 2389 1306 2482 gyro
1356 2378 1513 2462 iussum
1547 2379 1768 2462 'attendens
1819 2376 1972 2460 conlinit

724 2504 965 2607 cumrileo,
998 2507 1107 2612 quod
1133 2504 1315 2590 eiusdem
1345 2506 1427 2588 fere
1457 2508 1651 2592 diametri
1682 2527 1785 2588 cnm
1819 2506 1973 2610 ieiuno,

714 2635 869 2721 mul'tis
896 2631 1038 2717 nec‘sat
1064 2633 1291 2755 enarrandis
1306 2633 1423 2742 gyris
1459 2631 1610 2744 implet
1641 2631 1822 2742 'reliquas
1861 2657 1974 2746 partes

721 2765 958 2877 posteriores
993 2765 1212 2868 regionum
1255 2758 1567 2850 ombilicaliom.
1619 2763 1976 2872 Intestinumpcao

510 2951 513 2960 ·
599 2899 602 2907 ’
723 2902 823 2981 cnm
856 2916 953 3004 cum
986 2893 1058 2974 suo
1088 2889 1340 2998 appendice,
1372 2895 1484 2997 quod
1516 2919 1540 2975 a
1570 2894 1777 2976 vermibus
1831 2917 1977 2978 nomer

722 3017 870 3128 habet,
903 3046 926 3105 a
960 3017 1117 3103 finistro
1153 3017 1276 3106 latere
1308 3021 1447 3137 tersus
1474 3023 1667 3107 dextrum
1706 3023 1978 3132 expanditu13

370 3157 372 3164 '
506 3145 598 3228 Tel.
622 3153 695 3228 xv.
723 3172 765 3238 et
811 3154 895 3238 lere
946 3143 1084 3234 solum
1137 3169 1262 3230 omne
1310 3169 1484 3257 occupat
1539 3149 1708 3261 spatium
1753 3157 1980 3258 regionum

370 3300 380 3386 ζ
458 3326 464 3341 t
536 3251 610 3348 5¹8·
638 3278 672 3350 3·
722 3274 1032 3387 hypogastricne
1062 3291 1182 3383 atque
1217 3275 1446 3362 illatarum.
1467 3265 1981 3364 'Procedusrermilormis

346 3414 349 3420 ’
716 3425 758 3521 g,
787 3426 827 3515 g.
855 3429 896 3514 g.
932 3399 1089 3509 triplici
1116 3423 1226 3511 gyro
1267 3402 1441 3488 intortus
1493 3403 1534 3487 a.
1581 3403 1674 3517 poll.
1714 3425 1757 3488 et
1811 3429 1860 3502 5.
1917 3407 1977 3488 lin

722 3539 868 3640 longus
903 3526 1084 3612 maxima
1118 3530 1160 3612 in
1194 3531 1437 3615 diametros
1467 3534 1667 3643 pollicem
1692 3529 1812 3616 latos.
1847 3529 1979 3617 Cornu

723 3655 1005 3760 amalthaeae,
1037 3655 1102 3738 vti
1135 3681 1156 3739 a
1189 3656 1412 3769 picioribns
1459 3659 1564 3770 fingi
1596 3660 1737 3765 solet,
1784 3661 1979 3761 referens,

723 3807 777 3878 ex
809 3785 1041 3904 quindecim
1075 3783 1186 3894 quali
1219 3789 1436 3894 segmentis
1468 3791 1734 3875 interdindiis
1765 3788 1980 3898 perspicis

723 3915 876 4004 constat
908 3935 1085 4024 quarum
1121 3916 1235 4024 prius
1260 3917 1462 4022 angustior
1492 3918 1563 4024 eil,
1593 3918 1821 4002 secundum
1852 3915 1978 4001 latiti-

657 4063 677 4128 ῑ
722 4061 844 4132 mum
879 4041 1041 4151 reliqui·
1060 4043 1259 4144 gradatim
1274 4045 1543 4149 decrescunt,
1573 4046 1852 4150 etritimnm
1882 4047 1976 4153 apice

722 4171 928 4279 angustato
978 4169 1260 4274 terminatum.
1344 4173 1413 4258 Ex
1464 4171 1619 4280 fingula
1669 4175 1790 4281 spira
1842 4176 1976 4256 interne

724 4299 948 4418 propendet
980 4292 1149 4384 rainnlr
1168 4297 1479 4410 membranacea
1528 4324 1713 4391 cameras
1767 4300 1981 4420 appendicis

1863 4431 1983 4516 dillin-
