4200 5617
559 238 1021 369 Qvnnuvrnuvu
1055 242 1135 335 nr
1167 233 1382 335 aurun.
1504 256 1595 353 577

1755 347 1758 464 l

335 478 536 585 tiliones,
565 478 691 585 Glis‚
721 478 939 586 Erinacei3
980 473 1050 584 sub
1097 476 1222 561 armis
1267 488 1312 559 et
1358 474 1405 561 ad
1439 474 1600 565 collum
1754 466 1760 556 i

332 602 531 694 latiffima
563 604 710 695 habent
745 608 978 715 glandulosa
1022 628 1228 715 corpora,
1271 605 1458 712 acinosa,
1504 608 1604 692 lacie
1760 597 1762 670 ἶ

334 755 383 819 et
420 737 630 821 substantia
665 724 840 842 Thymo
869 733 1096 823 eorundem
1126 730 1370 817 animalium
1388 732 1603 820 simillima
1762 723 1764 786 s

340 880 390 943 et
424 889 446 947 a
475 863 722 977 pinguedine
756 863 1057 950 distinctiffima.
1105 859 1252 946 Solent
1278 850 1365 946 duo
1397 865 1467 949 sub
1497 865 1610 972 gula,
1765 909 1767 984 p

333 991 429 1075 duo
459 990 536 1077 alia
570 990 693 1103 paulo
725 990 890 1077 inferius
922 992 971 1077 ad
1003 986 1198 1095 collum,
1248 1014 1376 1102 prope
1426 992 1607 1077 llernum

331 1118 444 1201 duae
475 1122 576 1206 item
611 1116 875 1231 pectoralibus
907 1119 1106 1204 mulculis
1134 1118 1328 1227 utrinque
1368 1120 1610 1227 substratae,

334 1264 386 1331 et
420 1244 470 1329 ad
500 1247 643 1331 axillas
671 1249 921 1359 dorsumque
953 1251 1163 1353 extensae,
1195 1249 1288 1334 imo
1318 1247 1443 1358 saepe-
1475 1250 1608 1336 adhuc
1765 1338 1771 1347 ,

335 1375 447 1457 aliae
479 1376 670 1485 utrinque
705 1374 815 1460 inter
863 1375 1068 1487 scapulam
1118 1397 1162 1459 et
1209 1377 1418 1461 ceruicem
1468 1375 1607 1465 adeffe.

339 1499 464 1587 Cum
498 1504 587 1589 aliis
619 1502 896 1607 animalibus,
928 1502 1081 1608 hyeme
1114 1501 1265 1613 pariter
1296 1489 1420 1613 atque
1467 1509 1612 1595 aestate

339 1631 581 1733 vigentibus
609 1652 650 1717 et
682 1632 820 1716 cibum
852 1630 1109 1743 capientibus
1149 1627 1229 1711 hae
1278 1627 1484 1733 glandulae
1534 1636 1612 1718 de·
1777 1653 1779 1726 ζ

341 1754 464 1861 sint,
495 1784 596 1843 vero
629 1756 896 1843 fimillimum
927 1759 998 1862 est,
1029 1756 1118 1841 illas
1149 1762 1200 1847 ad
1232 1756 1533 1865 nutriendum,
1567 1777 1630 1860 et¹
1779 1787 1780 1794 ¹

338 1886 660 1993 sustinendum,
691 1888 862 1971 durante
904 1886 1048 1996 sopore
1100 1882 1322 1999 hyberno,
1373 1910 1524 2001 corpus
1572 1898 1616 1969 et

338 2014 589 2121 subigendos
617 2018 721 2100 forte
755 2014 889 2098 succos
934 2015 1146 2101 dellinatas
1193 2009 1280 2095 ell'e
1362 2010 1461 2101 lmo
1510 2019 1615 2101 forte
1783 2027 1784 2034 ‘

340 2144 445 2225 rsus
475 2141 639 2249 Thymi
669 2142 712 2226 in
744 2142 928 2227 loetubus
977 2145 1071 2227 inde
1123 2141 1279 2227 facilius
1327 2142 1617 2251 explicabitur.
1786 2229 1787 2238 Ν

343 2272 535 2355 Aderant
570 2270 613 2353 in
645 2268 781 2353 nostro
811 2271 1014 2357 Etinaceo
1045 2294 1190 2357 omnes
1220 2270 1312 2353 istae
1344 2267 1557 2377 glandulae
1574 2286 1617 2353 et

342 2396 478 2483 stmul
507 2396 659 2485 sumtae
690 2398 848 2506 pondus
879 2398 1044 2483 circiter
1091 2408 1148 2499 89
1198 2418 1423 2503 granorum
1472 2394 1617 2508 exple·

343 2524 463 2614 bant.
527 2526 706 2633 Hyeme
735 2546 836 2632 crgo
884 2518 1101 2612 Eriuaceur
1130 2523 1319 2658 ‘Aurium
1366 2522 1520 2636 pariter
1570 2548 1618 2611 ac

342 2652 531 2762 vulgar-it
579 2650 773 2762 sopitur,
807 2652 1059 2751 ‚admiranda
1108 2670 1274 2738 natutae
1322 2652 1442 2762 lege-3
1491 2676 1618 2763 quam

345 2782 495 2866 aestate
546 2802 705 2893 quoque
762 2778 804 2863 in
858 2782 1082 2867 minoribus
1130 2777 1395 2887 animalibus,
1444 2778 1621 2889 Citillo,

347 2904 507 3013 Glire,
539 2910 774 3012 Erinaceo,
805 2908 1201 3021 vespertilionibus,
1230 2907 1436 2995 attificiali
1467 2912 1621 3017 frigore

347 3036 395 3119 in
440 3030 554 3123 cellia
600 3030 864 3142 glacialibus,
913 3036 1071 3123 imitari
1121 3040 1254 3126 didici.
1352 3037 1627 3127 Animalcula’

347 3162 465 3248 enim
498 3164 566 3249 ista
598 3158 871 3263 uiuidillima,
920 3156 1054 3269 fipei
1103 3158 1267 3241 nudem
1321 3157 1367 3238 in
1413 3162 1618 3243 eiusmodi

349 3292 502 3381 cellam
535 3286 684 3375 inclusa
715 3285 957 3397 reliqueris,
988 3288 1174 3397 sequente
1205 3285 1271 3371 die
1304 3288 1387 3368 iam
1424 3302 1620 3395 torpent,

351 3441 395 3505 et
432 3420 525 3503 luce
557 3417 677 3501 tertia
712 3411 827 3524 plane
868 3414 1050 3525 stupent,
1098 3413 1155 3495 ita
1205 3432 1254 3497 ut
1301 3413 1442 3523 sensu,
1491 3413 1621 3499 etlam

354 3550 406 3633 ad
442 3546 646 3649 uulnera,
678 3544 759 3627 bre
791 3564 962 3628 careant.
1027 3539 1250 3629 Obseruaui
1300 3558 1397 3627 tunc
1442 3542 1620 3629 calorem

354 3675 564 3782 sanguinis
593 3666 635 3757 in
685 3668 893 3757 Erinaceis
939 3660 1174 3783 praesertim
1223 3694 1346 3783 usque
1396 3658 1444 3759 ad
1499 3678 1619 3777 145⁰.

323 3806 484 3893 =scalae
515 3803 579 3886 De
607 3796 823 3915 Plellnnue
867 3789 1130 3908 delcendiffe,
1160 3800 1260 3885 dum
1310 3800 1413 3887 aie'tis
1462 3802 1622 3887 externi

324 3933 579 4043 :temperies
615 3948 701 4014 etat
750 3930 799 4013 ad
849 3931 1077 4016 minimum
1134 3936 1252 4034 125⁰.
1322 3934 1431 4018 'lmo
1482 3933 1624 4017 aellate

326 4063 488 4147 tetiam
521 4058 692 4141 naturali
723 4059 768 4137 in
802 4058 903 4142 statu
938 4062 1012 4145 vix
1049 4072 1106 4148 28
1141 4058 1622 4169 gradibusatmolpbaera

328 4208 335 4287 t
426 4184 983 4274 Tom.XlV.Nou.Comm.
1130 4188 1302 4275 Dddd
1457 4188 1632 4297 calidiof
