4200 5617
152 503 1148 612 'oeulutmltuvlu
1265 525 1362 628 4³53

100 767 152 837 ut
180 749 356 860 spatium
387 769 499 848 areae
546 741 770 834 vasculoue
814 745 989 832 interius
1036 729 1268 833 dillin'dium
1315 747 1366 834 alt

101 875 297 964 exteriori
324 891 371 960 et
421 875 674 986 pellucidum
727 885 949 992 appaream
1007 899 1104 958 cum
1152 877 1364 982 citerius,

98 1009 207 1116 quod
240 1004 409 1116 proprie
448 1027 588 1090 aream
637 997 887 1084 vasculosam
934 1005 1178 1105 coustituit,
1224 1004 1363 1089 alb‘um

99 1133 184 1241 stt,
223 1155 266 1220 et
307 1132 452 1217 multis
501 1133 686 1213 rasorum
739 1126 1100 1217 remificationibut
1147 1151 1360 1217 ornatum.

99 1259 211 1348 Illud
245 1263 377 1369 igitur
405 1259 576 1342 interius
608 1257 785 1366 spatium
822 1257 955 1343 areola
997 1259 1201 1370 pellucida
1233 1259 1361 1347 uoca'·

99 1408 200 1496 tur,
232 1389 349 1484 (uid.
381 1389 536 1470 horum
569 1383 809 1480 Commeat.
843 1389 968 1471 Tom.
1002 1385 1104 1474 ΧΠ.
1161 1387 1262 1474 Diis
1309 1389 1361 1477 de

93 1519 341 1604 formatione
368 1514 672 1604 Intestinorum.
705 1515 736 1616 it
775 1539 847 1602 22.
881 1511 950 1621 fig.
968 1523 995 1620 Τ).
1046 1516 1200 1628 Quodsi
1254 1539 1364 1603 nune

93 1647 160 1734 die
188 1647 337 1756 quinto
368 1661 411 1726 et
443 1643 556 1728 sexto
580 1641 827 1750 contingit,
860 1659 908 1728 ut
942 1645 1173 1728 membrano
1224 1642 1364 1727 uitelli

95 1777 269 1860 interior
303 1773 376 1882 pet
413 1787 548 1856 totum
601 1765 795 1856 vitellum
844 1793 866 1854 a
911 1771 1107 1881 superiori
1155 1768 1362 1876 soluatur;

93 1901 233 1988 areola
287 1899 486 2012 pellucida
529 1923 555 1984 a
603 1897 807 1988 uaseulosa
863 1897 1050 1988 distiusla
1098 1895 1173 1986 esse
1213 1897 1363 2006 celsa-t,

83 2033 278 2143 adeoque
308 2027 524 2116 euanescit.

248 2289 431 2376 Eandem
463 2291 514 2377 o'b
544 2289 702 2380 cauum
737 2287 928 2375 emnium
968 2289 1156 2404 spurium
1197 2311 1532 2402 quoquermffim

85 2415 176 2502 troc
209 2431 397 2529 tempore
426 2422 595 2506 uullum
630 2419 852 2506 inuenitur.
887 2420 973 2504 Hoc
1006 2423 1121 2505 euim
1169 2412 1527 2516 fimilitetipuritn·

77 2571 111 2628 at
147 2546 390 2632 membrana
423 2549 559 2634 uitelli
589 2551 777 2637 interiori
807 2551 1042 2653 formatur,
1073 2571 1209 2657 quae,
1252 2571 1360 2631 eou-

74 2675 252 2756 tinuata
284 2698 338 2760 ex
371 2679 569 2763 intestinis
596 2675 864 2782 embryonis,
896 2676 1009 2784 prius
1038 2697 1162 2789 quam
1192 2694 1361 2761 extmr·

74 2803 186 2886 sum
232 2801 404 2889 ducatur
451 2809 503 2889 acl
557 2805 804 2891 efficiendam
857 2802 1036 2888 areolum
1085 2798 1384 2912 pellucidam,'

78 2929 337 3016 immediate
368 2935 472 3018 circa
507 2933 774 3038 embryonem
822 2929 1078 3037 reflestitur,
1126 2929 1362 3044 bellumque

57 3058 321 3170 ¹producit,
375 3062 563 3144 amnium
629 3081 776 3140 vetum
834 3082 913 3141 uuo
968 3084 1067 3142 cum
1132 3061 1362 3168 embryone

77 3184 387 3289 includentem,
418 3212 521 3297 quae
561 3188 754 3272 amulum
789 3185 971 3294 spurium
1019 3207 1192 3272 uocatur
1237 3189 1359 3287 (uid

75 3311 197 3400 Diu.
231 3314 277 3398 de
307 3317 427 3400 form.
478 3314 561 3400 lut.
610 3315 645 3414 ς.
700 3319 771 3413 36.
793 3306 820 3422 l.
856 3315 942 3396 Huc
986 3312 1100 3397 bulla
1149 3315 1359 3421 formata,

72 3441 329 3530 membrana
362 3443 534 3525 interior
563 3442 793 3524 extrorsum
826 3443 956 3526 tendit
985 3444 1034 3523 ad
1054 3443 1358 3548 producendam
1501 3487 1506 3495 ⁴

61 3563 275 3651 aureolam
309 3566 569 3686 pellucidam.
632 3565 752 3652 Dum
796 3567 925 3674 igitur
975 3569 1210 3654 membrana
1257 3569 1356 3656 haee

65 3693 266 3780 interior
313 3697 361 3780 ab
388 3695 617 3801 exteriori,
662 3718 741 3803 qua
791 3691 981 3778 haetenus
1030 3695 1196 3782 sulleuta
1243 3700 1356 3805 fuit,

66 3820 317 3925 soluiturt
375 3823 600 3912 collabescit
646 3839 687 3904 et
735 3820 847 3908 bulla
913 3825 1146 3909 desltuitur.
1240 3825 1357 3914 Solae

64 3971 219 4054 rugae
246 3952 446 4061 quaedem
480 3945 719 4058 irregulares
736 3952 777 4033 iu
809 3949 886 4034 ⁴huc
903 3953 1142 4038 membrum
1162 3952 1354 4060 relaxata,

64 4076 289 4187 reliquiae
321 4083 480 4189 pristini
507 4079 644 4170 amuli
674 4079 833 4192 spurii„
867 4079 944 4168 hoc
978 4097 1168 4199 tempore
1221 4084 1264 4169 iu
1300 4106 1352 4172 eo

64 4207 188 4298 loco
224 4207 380 4296 resitut-

1210 4471 1355 4562 Adm-
