4200 5617
620 454 626 464 ’
729 531 825 622 μ,
1044 505 1150 602 ns
1216 461 1673 612 rnrnctrrts

1081 725 1499 856 SchoHon
1564 775 1613 854 a

884 932 960 1011 49.
993 909 1064 996 Ex
1095 912 1295 1000 solutione
1326 915 1617 1028 problematis,
1649 915 1752 1000 dum
1788 939 1860 1024 pet
1904 941 1979 1024 gra·

729 1038 806 1125 dus
856 1039 907 1122 ad
952 1045 1236 1150 aequationem
1286 1043 1531 1155 propolitam
1579 1048 1717 1128 sumus
1767 1051 1979 1156 progredi,

730 1168 902 1272 casum,
930 1189 1016 1276 quo
1046 1167 1163 1252 fluidi
1195 1169 1363 1256 densitas
1395 1197 1420 1284 q
1477 1174 1533 1259 est
1562 1171 1756 1278 constans,
1787 1190 1830 1257 et
1861 1179 1978 1286 prima

729 1295 919 1410 aequatio
949 1296 1070 1380 itast
1107 1295 1223 1424 habet

826 1450 1406 1612 fflmfflmfflko

730 1653 928 1741 resoluere
977 1657 1207 1767 poterimus
1223 1639 1374 1768 ,quod
1403 1682 1454 1742 eo
1485 1658 1613 1763 magis
1649 1659 1706 1744 est
1738 1653 1982 1770 notandnmq

732 1786 842 1892 quod
872 1780 997 1867 huius
1030 1785 1281 1870 solutionem
1314 1807 1364 1867 ex
1397 1787 1605 1892 generali,
1634 1812 1756 1896 quam
1783 1794 1983 1900 dedimus,

730 1911 917 2009 deriuate
964 1936 1050 1996 non
1098 1912 1244 2014 litet.¹
1298 1913 1561 2026 Quamquam
1609 1935 1739 2001 autern
1788 1921 1853 2008 hic
1907 1943 1987 2005 tres

732 2054 896 2122 tantum
931 2036 1141 2124 variabiles
1171 2062 1225 2146 x,
1229 2065 1261 2144 y
1292 2060 1334 2126 et
1365 2023 1397 2122 z‘
1424 2038 1724 2126 considerantur
1757 2067 1895 2138 tamen
1927 2052 1979 2134 ni·

731 2163 799 2250 hil
817 2168 1044 2274 impedit,
1073 2170 1294 2277 quominus
1328 2173 1374 2250 in
1404 2167 1603 2254 solutione
1638 2170 1694 2253 ibi
1725 2173 1838 2282 data,
1865 2176 1980 2262 etiam
2038 2214 2039 2219 Ν

728 2312 928 2401 quartum
979 2312 999 2380 t
1050 2295 1400 2402 introducamus,
1446 2320 1539 2380 eam
1587 2299 1699 2407 quasr
1749 2305 1979 2390 constantem
2039 2339 2040 2388 r

728 2422 957 2529 spectando.
1024 2419 1182 2508 Sumtis
1221 2447 1320 2530 ergo
1351 2449 1427 2533 pro
1458 2423 1597 2512 lubitu,
1620 2428 1774 2514 duabus
1814 2435 1978 2520 fundio·
2039 2413 2040 2454 ¹

729 2549 848 2631 nibus
902 2545 967 2654 F,
1013 2543 1055 2635 G
1106 2571 1282 2659 quatuor
1331 2550 1594 2638 variabilium
1643 2582 1700 2662 x,
1726 2585 1778 2666 γ,
1809 2585 1838 2644 z
1869 2579 1908 2644 et
1935 2581 1981 2668 t,
2039 2569 2040 2572 ‘

728 2697 787 2758 ex
819 2675 871 2758 iia
904 2696 1048 2760 ternae
1069 2675 1295 2765 celeritates
1325 2707 1375 2790 u,
1405 2705 1460 2790 v,
1489 2699 1533 2767 et
1561 2709 1604 2770 tu
1641 2685 1702 2783 ita
1748 2689 1979 2778 determina·

718 2803 881 2890 buntur
912 2823 962 2889 ut
1000 2801 1051 2890 fit
1571 2835 1576 2841 ’
1971 2845 1972 2855 ¹

725 3554 796 3646 ubi
830 3578 968 3651 totum
1004 3587 1270 3658 momentum
1323 3577 1475 3668 iterum
1525 3589 1572 3670 in
1621 3613 1676 3675 eo
1723 3585 1780 3674 est
1832 3582 1975 3690 satum,
2039 3605 2040 3610 ‘

723 3693 834 3796 quod
865 3695 999 3780 cuiuis
1034 3703 1225 3787 membro
1270 3708 1460 3817 cuiusque
1510 3713 1664 3802 formae
1714 3719 1760 3800 in
1819 3713 1972 3824 reliquis

724 3819 964 3927 respondeat
994 3821 1159 3932 aliquod
1210 3835 1449 3940 quodcum
1499 3865 1549 3924 eo
1596 3841 1739 3928 datum
1791 3845 1975 3928 fadiorern

727 3937 872 4028 habeat
902 3973 1206 4062 communem,
1234 3975 1277 4040 et
1310 3959 1425 4067 ligno
1451 3975 1656 4056 contrario
1687 3971 1738 4056 fit
1785 3971 1975 4056 affectum.

567 4108 570 4112 ⁴
729 4069 865 4155 Totus
893 4096 1035 4163 autem
1054 4077 1123 4170 hic
1156 4087 1278 4189 casus,-
1312 4116 1394 4201 quo
1423 4093 1592 4179 densatas
1623 4097 1745 4186 fluidi
1778 4101 1837 4185 est
1864 4123 1982 4209 quan·

729 4196 826 4279 titas
864 4209 1076 4312 constans,
1107 4213 1286 4296 meretur
1321 4237 1368 4302 vt
1400 4221 1562 4307 seorfim
1592 4228 1832 4335 diligentius
1876 4224 1980 4309 euol-

728 4341 886 4439 ⁴vatur,
919 4335 989 4420 cui
1036 4333 1205 4446 negotio
1251 4343 1414 4458 sequens
1461 4371 1581 4470 caput
1626 4359 1684 4448 est
1733 4357 1983 4449 destinatum.

1873 4485 1988 4577 &w
