4200 5617
315 555 790 684 QVADRVPEDVM
821 557 902 653 ET
940 557 1150 656 Avlvn.
1278 561 1370 674 35?

113 794 234 884 antris
265 819 363 908 aqua
395 787 641 908 expellunt,
682 790 760 880 'rel
791 785 932 901 politis
963 789 1005 875 in
1055 777 1167 879 aditu
1218 790 1371 905 laqueis

113 927 322 1037 decipiunt
356 922 481 1032 illos,
511 916 779 1032 funiculisque
810 919 968 1026 laneis,
1005 944 1108 1032 quos
1142 949 1222 1008 non
1253 921 1371 1010 facile

112 1055 361 1164 corrodunt,
393 1051 587 1162 adligatos
619 1049 755 1152 varios
787 1049 832 1132 in
864 1044 973 1134 lusus
1007 1053 1224 1160 captiuam.
1245 1052 1372 1140 'Cer-

112 1201 152 1271 te
181 1184 232 1272 ob
265 1179 553 1296 lepiditatem,
600 1195 853 1290 morumque
885 1181 1167 1265 innocentiam
1199 1198 1241 1264 et
1292 1180 1376 1266 mi·
1464 1239 1467 1246 -

111 1321 198 1401 tem
231 1311 409 1400 indolem
442 1307 584 1419 vtique
616 1327 800 1394 meretur
830 1308 1162 1420 animalculum‚
1194 1329 1243 1395 vt
1278 1335 1375 1421 par·

108 1461 250 1531 ceatur
280 1441 374 1546 illi,
422 1459 673 1551 quamquam
706 1435 871 1549 pelles,
919 1437 1117 1548 srmagis
1152 1437 1376 1525 innotesce·¹

107 1591 235 1676 rent,
279 1570 388 1679 apud
438 1559 599 1655 citeros
645 1569 845 1678 elegantia
877 1569 950 1653 sese
979 1569 1069 1654 satis
1102 1569 1377 1655 commendas

107 1697 224 1784 turae
253 1699 410 1801 sorent3
443 1721 537 1786 caro
566 1714 707 1782 autem
737 1699 782 1783 in
815 1695 957 1786 cibum
991 1698 1038 1783 ab
1069 1698 1247 1809 expertis
1281 1692 1373 1779 lau·'

107 1829 199 1914 data
234 1823 344 1910 mihi
377 1827 530 1933 fuerit,
580 1825 788 1938 gliresque
824 1825 1114 1915 Romanorum
1149 1824 1196 1937 in
1222 1822 1375 1910 menlir'

105 1977 211 2042 cunr
239 1953 357 2041 laude
388 1955 574 2068 supplete
607 1947 714 2066 polle
741 1951 928 2042 uideatur
947 1948 976 2063 ,'
1005 1951 1210 2041 autu'mno
1254 1977 1375 2066 prae·
1426 1988 1429 1992 ·

101 2085 286 2193 sertim‘,
315 2107 452 2197 quum
478 2085 571 2171 sunt
603 2081 858 2199 pinguiffim‘i
887 2079 1034 2174 Citilli.
1170 2102 1174 2114 ’

263 2273 415 2364 Tutus·
433 2299 461 2360 a
490 2278 645 2364 maiore
678 2295 792 2388 parte
823 2273 1053 2364 hominurn
1087 2270 1263 2378 Citillus⁸
1290 2296 1375 2363 non

97 2427 237 2519 aeque
269 2423 385 2492 tutus
418 2405 478 2492 cll
504 2431 527 2490 a
562 2407 819 2512 minoribus,
848 2406 1086 2510 nocturnis,
1135 2402 1377 2516 campestria

99 2533 382 2643 habitantibus
413 2535 540 2640 feris,
572 2533 790 2634 mustelino
820 2560 843 2618 e
876 2559 1020 2642 genere
1037 2563 1062 2640 ι-
1083 2531 1377 2646 Putoriolpe·g

95 2663 256 2752 ciatim
289 2661 597 2773 Errnineoquc,¹
614 2662 969 2774 quorumaestate
999 2661 1131 2750 fic-ilis·
1154 2684 1197 2758 et
1226 2659 1379 2774 solome

98 2795 175 2880 nis
207 2794 260 2878 cll
293 2791 448 2902 praeda.
539 2790 687 2902 Neque
718 2811 864 2902 antra,
907 2792 1011 2902 quae
1042 2788 1114 2876 fibi
1142 2791 1275 2898 fodit,
1314 2788 1379 2875 se-

95 2944 260 3008 curum
295 2916 422 3004 illurn
456 2920 688 3028 praeliant,
740 2922 835 3030 quia
869 2922 993 3026 unico
1023 2920 1200 3028 gaudent
1229 2919 1377 3030 aditu,

94 3074 273 3162 eoque,
310 3048 363 3132 ob
382 3046 557 3172 'molem
604 3050 787 3160 corporis
805 3107 818 3152 ,
835 3115 838 3122 .
855 3037 1108 3157 'praesertim
1158 3045 1378 3166 masculis,

94 3180 204 3286 sa'tir
236 3178 400 3287 capaci,
450 3197 499 3262 rt
530 3177 690 3265 Putorii
725 3177 896 3262 maiores
928 3201 1102 3289 quoque·
1123 3174 1253 3274 subire
1285 3201 1379 3286 pose

96 3306 224 3414 [rnre
252 3325 355 3418 quos
387 3299 720 3408 animalculum,
753 3303 967 3388 incondito
998 3306 1137 3390 morsu
1166 3289 1378 3392 non-bene
1477 3333 1483 3342 ·

63 3456 354 3563 [oppugnare
386 3427 527 3533 valet,
557 3430 756 3514 timidum
790 3431 1058 3541 praesertim,
1105 3449 1148 3513 et
1187 3435 1378 3544 ineptum

64 3563 277 3676 wquando
307 3569 465 3646 terrore
500 3556 756 3669 percellitur.
842 3556 977 3642 Extra
1024 3577 1190 3667 antrum
1216 3621 1229 3666 ,
1253 3561 1378 3660 ¹dum

63 3684 294 3794 sinterdiu
344 3707 548 3796 uagatur,
580 3712 666 3794 non
699 3709 791 3772 raro
820 3681 951 3770 etiam
986 3675 1222 3770 Falconibus
1254 3688 1387 3774 variis
1450 3730 1455 3740 ·

64 3815 438 3910 obuolitaotlbus
465 3819 511 3902 in
540 3818 731 3925 praedam
763 3811 1003 3899 facillimam
1035 3813 1152 3898 cedit.

274 4010 339 4094 Ad
370 4023 485 4091 antra
518 4005 702 4091 fodienda
737 4005 971 4116 praesertim
995 4006 1136 4115 ¹eligit
1183 4029 1379 4116 campos,

63 4155 162 4229 avt
199 4139 283 4224 iarn
312 4137 495 4241 monui,
528 4133 690 4221 altiores
709 4131 826 4238 „uel
859 4127 978 4244 plana
1011 4153 1056 4217 et
1089 4133 1260 4218 declinia
1292 4134 1382 4221 col·-

63 4259 244 4360 ilium*
266 4265 534 4374 apricorum,
581 4265 649 4349 ubi
691 4261 823 4346 solum
872 4261 1099 4356 arenosum„
1135 4261 1206 4347 rel
1253 4248 1383 4374 pauco

63 4397 230 4527 alima
264 4395 449 4481 mixtum
479 4414 522 4480 et
555 4389 768 4479 firmatum
798 4389 887 4500 est3
925 4407 970 4478 et
1001 4389 1145 4482 herbae
1172 4391 1380 4598 nonnimii

483 4541 487 4550 ’
1277 4538 1385 4603 uxu-
