4200 5617
277 500 466 603 cruca
503 498 752 629 success,
776 504 1347 603 intronuntient.
1382 533 1446 621 ³7

179 736 333 844 utilis,
372 762 495 849 quam
531 757 668 825 mente
699 759 992 849 conceperam,
1035 739 1281 827 solutionem
1313 742 1442 851 dedu·

178 896 275 959 cere
325 872 505 979 possem:
553 887 801 978 quaeruntur
848 866 997 951 scilicet
1044 872 1169 969 ambo
1217 869 1370 956 limites
1417 894 1442 955 a

179 1004 322 1083 medio
353 998 652 1109 aequidistantes
684 994 756 1080 hac
787 993 907 1101 lege,
959 1016 1007 1080 vt
1037 997 1175 1113 eadem
1209 1002 1261 1119 stt
1305 998 1443 1108 proba·

179 1127 349 1226 bilitas,
381 1150 603 1210 numerum
639 1148 863 1232 puerorum
899 1122 1013 1211 hosce
1045 1124 1201 1209 limites
1217 1126 1293 1210 effe
1306 1148 1443 1211 traus-

178 1254 410 1363 gresi'urum
444 1250 512 1336 uel
546 1276 628 1335 non
662 1253 1027 1373 transgressurum..

332 1380 500 1467 Solutio
531 1378 658 1463 huius
689 1380 928 1491 quaestionis
962 1379 1168 1494 requirit,
1200 1399 1248 1467 nt
1277 1381 1445 1495 indage·

178 1526 248 1595 tur
300 1532 500 1625 quntnam
550 1511 717 1597 termini
770 1511 936 1599 tabellae
974 1515 1023 1599 ab
1063 1511 1187 1595 initio
1221 1511 1355 1596 iersus
1386 1515 1440 1599 ii·
1565 1553 1571 1561 ·

176 1664 276 1727 nem
326 1638 404 1723 srut
452 1634 658 1743 addendi,
717 1657 764 1722 ut
812 1637 987 1751 duplum
1039 1642 1225 1725 summae
1271 1645 1441 1729 audium

176 1772 404 1879 quantitate
433 1792 459 1879 q
489 1766 561 1851 fiat
592 1773 708 1865 :32
757 1769 916 1853 summa
962 1770 1080 1855 enim.
1127 1774 1439 1879 terminorum,

169 1892 284 1980 ''vltra
321 1902 502 1985 medium
527 1896 753 2006 positorum
766 1960 778 2004 ‚
793 1899 861 1982 dat
877 1899 1080 1983 summam
1098 1896 1438 2009 probabilitatem,

177 2045 228 2111 ut
249 2050 445 2109 numerus
462 2049 688 2136 puerorum
710 2049 789 2109 nou
809 2028 1055 2112 transcendat
1070 2027 1439 2134 limitemeadem-

175 2178 258 2265 que
293 2156 449 2239 summa
483 2154 586 2239 citra
623 2154 810 2243 medium
850 2152 1077 2265 postrorum
1110 2160 1310 2270 exprimit
1328 2167 1438 2249 sum·

164 2282 641 2398 'nnamprnbabilitatum
664 2308 711 2369 ut
746 2308 948 2369 numerus
981 2282 1216 2395 puellotum
1249 2311 1336 2375 non
1368 2291 1439 2374 de-

179 2412 339 2499 scendat
358 2416 455 2497 infra
474 2414 651 2497 limitem
668 2414 900 2524 oppositum
921 2478 934 2520 ,
974 2435 1189 2525 eapropter
1206 2420 1364 2501 summa
1382 2418 1438 2501 est

177 2540 456 2649 duplicanda;
490 2539 778 2651 deniquehuic
810 2541 956 2651 duplae
993 2547 1175 2626 summae
1191 2544 1440 2630 addendaest

175 2668 262 2781 ipsa
280 2667 542 2779 probabilitas
558 2691 598 2779 pq
629 2694 709 2781 pro
738 2676 823 2757 casir
842 2690 981 2782 pazo
1002 2668 1086 2753 siue
1110 2694 1188 2778 pro
1203 2670 1440 2781 aequalitate
1532 2706 1540 2717 ·

176 2798 286 2883 inter
320 2818 538 2907 utrumque
567 2800 726 2879 sexum.
760 2794 833 2882 Ad
869 2816 1062 2881 normam
1086 2795 1217 2881 'huius
1247 2825 1440 2915 praecep·

174 2927 208 3011 ti
242 2930 456 3012 inuenitur
488 2924 667 3009 dislantia
699 2926 915 3038 utriusque
946 2923 1097 3010 limine
1128 2952 1150 3010 a
1185 2932 1323 3017 medio
1350 2928 1439 3015 siue

174 3079 366 3169 p..·:.47
401 3076 527 3167 quam
561 3054 779 3161 proxime:
813 3054 982 3139 Etenim
1018 3059 1438 3166 summaquadtagin-

172 3202 218 3269 ta
269 3186 421 3295 septem
474 3184 750 3267 terminorum
798 3184 855 3267 est
901 3212 957 3265 z
986 3189 1299 3293 43264061]‚
1349 3189 1437 3273 eiua

173 3312 350 3421 duplum
384 3320 722 3421 :87‚2812q
754 3306 885 3395 tuisr
920 3316 1035 3417 super
1067 3310 1433 3423 addaturqoritur
1469 3320 1483 3366 ⁴

182 3450 259 3544 88,
287 3451 489 3545 alliaqa
536 3438 779 3521 Inuenimus
828 3459 968 3520 autem
1020 3437 1277 3550 paragrapho
1325 3468 1435 3529 nouo
1502 3460 1506 3468 '

174 3586 286 3679 q:
315 3592 360 3673 0,
382 3570 638 3665 0056413,
687 3562 793 3643 rode
843 3564 1007 3643 taudem
1057 3570 1254 3671 quantitas
1300 3566 1434 3657 sinaiis

173 3694 318 3805 prodit
366 3702 691 3795 o‚4980‚quae
739 3682 880 3795 paullo
939 3694 1076 3772 minor
1124 3694 1179 3777 est
1233 3719 1356 3803 quam
1389 3696 1434 3797 {a

171 3822 297 3935 Quod
331 3817 362 3901 sr
397 3841 497 3901 vero
527 3814 749 3901 assumatur
781 3824 985 3927 μηδ,
1020 3836 1119 3901 tunc
1150 3824 1292 3909 eadem
1311 3850 1436 3933 quan·

171 3956 269 4037 titas
299 3944 430 4029 linaiis
465 3940 516 4029 fit
536 3969 592 4027 ::
611 3967 656 4047 o,
678 3960 801 4057 5070
838 3961 957 4052 atque
989 3946 1086 4031 adeo
1129 3951 1262 4033 maior
1310 3980 1437 4065 quam

169 4088 191 4177 ξ
223 4072 491 4186 interpolatio
521 4074 590 4157 dat
624 4075 815 4181 proxime
850 4094 960 4184 p:
979 4080 1089 4175 4732
1126 4078 1314 4164 distantia
1357 4109 1434 4169 au.

170 4226 263 4299 tem
294 4193 440 4291 mutua
472 4200 662 4287 limitum
689 4203 775 4283 erit
809 4193 1078 4313 2atss'94i·
1112 4206 1248 4313 Igitur
1267 4214 1433 4299 tandem

170 4335 283 4419 iuter
320 4354 469 4423 20000
506 4348 648 4447 partus
692 4352 846 4417 annuos
894 4353 1021 4442 aeque
1067 4333 1271 4451 probabile
1319 4344 1433 4448 erit,

616 4480 619 4483 ·
820 4454 922 4559 ua
970 4456 974 4463 ’
1313 4452 1435 4553 ’π

635 4634 642 4695 r
