4200 5617
366 397 836 584 ovaunvnuuvnr
871 461 950 554 ur
984 457 1204 558 autum.
1308 490 1397 585 575

166 686 272 780 dudi.
337 689 390 776 ln
424 689 530 778 labio
562 689 759 784 inferiore
790 665 983 804 utrinque
1002 691 1081 806 pili
1116 715 1209 804 tres,
1239 695 1401 806 longio-

166 841 242 925 res,
269 814 423 923 albidi,
454 818 550 904 serie
580 818 770 931 disposrti.
843 817 1012 906 Verruca
1065 824 1186 930 gulae
1232 827 1401 938 bipilis,

163 945 404 1058 supraciliaris
429 945 597 1058 bipilis,
628 967 670 1034 et
702 968 810 1060 pone
838 947 924 1030 oris
954 953 1126 1054 angulos
1154 953 1316 1040 vuisera.

292 1150 406 1239 Ocad
434 1151 557 1267 paulo
587 1153 795 1260 maiores,
826 1177 950 1266 quam
980 1153 1168 1247 Erinacci
1209 1163 1400 1271 vulgarit.

157 1278 412 1395 Palpebrarum
442 1279 642 1386 ambitus,
673 1265 964 1388 meliusculus,
996 1286 1156 1400 luscus,
1198 1293 1403 1399 margines
1473 1343 1482 1356 ·

151 1429 258 1494 extus
306 1409 428 1515 nigri.
518 1407 647 1493 {rides
689 1411 796 1496 fusco
836 1411 1088 1501 lucescentes
1159 1411 1410 1532 Periaphrals

156 1540 255 1624 ruim
281 1534 330 1618 ad
363 1531 513 1619 medias
544 1539 624 1620 lere
654 1559 816 1625 corneas
859 1535 1073 1624 extendre.

285 1719 492 1814 'aarum
550 1728 785 1836 maximae,
844 1724 1172 1840 patentissimae,
1226 1734 1398 1844 orales,

149 1845 322 1940 flaccidae
353 1852 648 1960 nudiusculae,
677 1855 837 1940 ambitu
874 1853 1031 1962 fuscae,
1079 1854 1251 1940 interius
1299 1861 1401 1970 pilia

141 1979 277 2066 albidis
309 1982 455 2066 teneris
484 1978 748 2090 pubescentes.
814 1981 963 2087 Margo
995 1980 1272 2067 auricularum
1328 1985 1397 2072 in·

145 2108 268 2192 terior
299 2106 570 2212 subnascens,
621 2107 778 2194 Atrium
825 2107 1082 2195 auditorium
1132 2129 1250 2195 extus
1299 2109 1399 2220 pilis

139 2231 421 2342 obuallatum,
450 2233 630 2345 superius
671 2233 939 2322 terminatum
993 2233 1141 2322 lamella
1191 2237 1398 2329 auricula·

138 2362 308 2450 interius
341 2359 597 2472 transuersa,
629 2365 768 2456 medio
798 2362 1062 2476 produdlinre
1103 2363 1332 2451 rotundatu.

289 2557 416 2641 Araus
449 2556 573 2665 paulo
614 2553 820 2667 longiores
865 2569 910 2639 et
955 2550 1221 2664 graciliores,
1267 2573 1396 2668 quam

129 2677 178 2768 iu
210 2673 411 2770 Eriuacco
441 2683 640 2792 vulgari,
672 2705 865 2770 extremo
910 2683 1138 2768 nudiusculi
1168 2743 1183 2788 ,
1209 2683 1396 2794 subsqua-

129 2812 238 2895 mati
256 2829 388 2920 atque
419 2811 529 2896 fusci.
591 2809 715 2899 Pedes
744 2832 889 2898 omnes
939 2811 1241 2920 pentadastylia
1273 2810 1395 2900 volae

124 2938 327 3054 pulposac
358 2937 408 3024 ad
437 2937 618 3049 digitos,
652 2936 822 3052 ipfisque
852 2937 995 3046 digitis
1034 2939 1297 3026 tumidulae,

275 3155 412 3246 Gauda
445 3153 640 3264 breuior,
668 3181 794 3268 quam
823 3150 1019 3250 Eriuacei
1049 3153 1253 3264 uulgaria,
1283 3145 1394 3244 fusca

121 3279 362 3370 nudiuscula
382 3286 567 3370 murinae
599 3287 720 3368 instar
754 3284 1030 3389 subannulata‚
1056 3279 1137 3372 bufi
1153 3279 1390 3370 eradiuscu·

117 3407 199 3520 ia,
233 3407 392 3532 apicem
426 3414 468 3496 in
503 3427 676 3494 acutum
719 3407 943 3492 adtenuata.

277 3618 437 3729 Taluda
466 3618 652 3729 spinifera
677 3635 897 3723 connexa,
923 3630 1084 3719 ousta,
1115 3609 1158 3702 in
1192 3613 1388 3707 verticem

105 3769 254 3862 nsque
289 3749 505 3862 produdae
530 3751 659 3860 spinae
690 3765 864 3848 tereres,
895 3743 974 3828 baa
988 3821 992 3831 .
1006 3747 1123 3830 unul
1153 3763 1389 3835 recuruatae

100 3881 361 3988 ceteroquin
409 3875 539 3960 rectae
559 3929 572 3980 ·,
640 3876 767 3960 nascas
829 3871 984 3956 annulo
1030 3872 1081 3954 ad
1129 3863 1291 3981 apicem
1340 3891 1387 3958 ct

105 4009 262 4090 sersus
274 4005 383 4090 basrn
416 4001 616 4088 albicante
630 4033 646 4106 a
684 4001 789 4085 unde
802 4002 917 4084 color
934 3999 1017 4084 fere
1036 3997 1164 4107 qualis
1179 4000 1222 4082 in
1239 3995 1387 4085 Elina·

98 4151 200 4217 ceo
233 4131 410 4240 uulgari.
439 4127 567 4238 Caput
600 4127 699 4239 pilis
730 4121 1007 4237 rigidioribus,
1038 4129 1385 4236 garbo-sordidis,

97 4255 155 4344 in
193 4255 331 4349 rostro
369 4277 413 4356 et
450 4255 568 4356 circa
618 4255 759 4344 oculos
807 4253 1000 4372 subfossis.
1082 4251 1234 4346 &brus
1285 4279 1386 4346 sero

1240 4401 1387 4492 corpus
