4200 5617
274 571 356 664 ar
387 559 855 658 nuscunrronus
885 558 1244 659 uoranrcan.
1279 521 1402 674 ης

133 804 235 918 „piti
286 801 509 887 coullanter
556 798 659 882 duae
707 797 892 907 squamae
942 795 1166 881 emarcidas
1202 795 1411 906 insident,

150 955 253 1042 quae
285 925 391 1014 basra
421 926 546 1016 caulis
579 931 745 1034 uaginae
776 922 824 1006 ad
854 921 974 1007 instar
1007 931 1178 1030 cingunt
1211 945 1251 1010 et
1282 929 1413 1032 origi-

153 1084 249 1143 nem
305 1058 417 1144 suam
465 1079 488 1139 a
538 1055 697 1164 petiolis
747 1049 942 1138 soliorum
978 1055 1294 1166 praeteritorum
1329 1077 1413 1140 tra·

142 1185 292 1291 bunt,
330 1185 556 1270 cuiusmodi
590 1181 760 1293 saginae
790 1183 916 1270 etiam
951 1184 992 1268 in
1026 1183 1218 1292 saxifraga
1246 1182 1420 1302 crafflstf

148 1315 201 1404 aa
234 1315 407 1428 aliisque
438 1331 670 1400 occurrunt

143 1561 151 1572 -
304 1508 417 1594 Intra
451 1499 601 1590 hancce
634 1506 826 1616 vaginam
857 1506 1004 1595 inserta
1036 1507 1128 1593 sunt
1158 1503 1276 1591 folia'
1307 1505 1416 1593 radi-

146 1639 283 1743 calia,
319 1634 564 1747 plerumque
595 1636 717 1744 bina,
749 1635 1016 1746 longitudinis
1047 1636 1214 1720 dimidii
1250 1633 1415 1722 circiter

138 1763 309 1868 arulis,
337 1783 489 1869 onata,
521 1764 689 1871 glabra,
721 1767 828 1852 colla
859 1767 990 1854 media
1021 1762 1245 1870 insigniore
1277 1762 1416 1848 subtus

148 1896 431 2006 protuberante
465 1914 602 1978 notata
632 1914 678 1980 et
708 1919 781 2004 per
813 1897 1045 2002 marginem
1062 1891 1247 1978 dentibus
1277 1891 1416 1977 obtuse
1452 1932 1455 1945 ·

148 2023 381 2107 rotundatis
411 2023 729 2110 circumsertata.
812 2022 954 2112 Altera
986 2015 1185 2108 foliorum
1213 2020 1416 2114 extremi·

150 2167 214 2236 tas
245 2149 509 2236 obtusruscula
542 2154 597 2238 est
616 2216 636 2260 ,‚
678 2147 808 2238 altera
838 2178 939 2241 uero
977 2175 1078 2239 cum
1122 2147 1229 2238 colla
1280 2148 1413 2242 media

148 2279 195 2364 iu
225 2277 429 2392 petiolum
463 2283 669 2390 angustata
699 2281 894 2370 excurrit.

304 2471 447 2593 Petioli
478 2473 654 2559 dimidio
682 2473 783 2560 folio
824 2476 939 2583 saepe
988 2469 1227 2578 longiores,
1271 2470 1415 2559 subtus

146 2591 362 2706 connexi,
400 2601 520 2716 supra
548 2603 752 2712 profundo
777 2601 890 2687 sulco
920 2599 1074 2684 curati
1107 2618 1150 2684 et
1181 2623 1311 2712 prope
1342 2603 1414 2688 ba·

147 2729 211 2817 flu
243 2734 363 2828 suam
395 2731 438 2814 in
471 2733 577 2819 alain
613 2729 993 2833 membranaceum,
1022 2721 1180 2812 caulem
1209 2749 1265 2813 ex
1298 2749 1416 2842 parte

142 2859 382 2968 cingentem
412 2877 455 2941 et
482 2883 583 2944 cunr
615 2859 798 2974 opposita
828 2859 1021 2967 saginam
1052 2858 1157 2948 circa
1188 2877 1286 2942 eum
1319 2859 1412 2954 effi·

143 2991 358 3098 cientem,
393 2987 617 3076 extenuati.
838 2982 842 2994 '

276 3179 447 3276 ,Cauiis
479 3179 830 3294 fimpliciliimus,
865 3181 1150 3290 succulentus,
1180 3179 1350 3290 glaber,
1388 3205 1414 3272 n

142 3307 371 3394 dodrantali
421 3312 469 3394 td
519 3309 729 3421 pedalem.
755 3333 1047 3419 nonnunquam
1106 3309 1411 3417 longitudinem
1568 3347 1579 3352 ·

145 3436 399 3524 adscendens.
440 3509 444 3516 .
478 3435 517 3520 E
555 3439 688 3523 radice
721 3435 881 3542 gracilis
911 3437 1046 3520 oritur
1076 3456 1117 3520 et
1149 3441 1197 3524 ad
1232 3441 1411 3528 medians

98 3647 102 3653 ,
146 3585 280 3677 usque
309 3584 468 3680 partem
500 3565 590 3650 suae
621 3564 891 3670 longitudinis
920 3565 1032 3648 soliis
1064 3565 1275 3652 destitutus
1305 3567 1370 3653 etl.

303 3755 421 3843 Folia
454 3754 613 3843 causina
645 3770 821 3870 quatuor
870 3753 941 3839 vel
987 3755 1171 3866 quinque
1210 3761 1412 3868 ,patium3

142 3881 403 3972 inferioribus
434 3885 664 3998 oppositis,
714 3881 880 3992 reliquis
916 3881 1112 3993 alternis,
1158 3904 1277 3998 atque
1325 3911 1412 3976 ma-

141 4013 360 4120 gnitudine
389 4014 532 4100 sensim
562 4013 911 4118 decrescentibus,
959 4016 1168 4125 magisque
1216 4013 1287 4100 fibi
1335 4041 1412 4129 ap·

141 4143 414 4254 proximans,
447 4169 532 4254 quo
562 4146 730 4258 propius
749 4169 782 4227 a
805 4143 919 4254 ‘spica
953 4139 1088 4257 dotali
1105 4143 1257 4231 distant
1305 4143 1413 4232 Cae·

141 4271 291 4354 terum
340 4272 475 4359 seffilia
520 4273 613 4358 sunt
665 4271 759 4361 brec
789 4268 884 4358 solia
916 4291 1037 4384 atque
1069 4297 1172 4358 mox
1202 4275 1251 4359 ab
1283 4273 1411 4361 inser·

142 4398 260 4492 tione
291 4402 354 4492 sun
396 4405 444 4495 ,in
487 4397 691 4496 laminam
741 4425 794 4488 ex
841 4403 1063 4524 rotundato
1105 4407 1412 4512 acuminatam,

1268 4532 1415 4620 suctu·
