4200 5617
307 539 581 634 Morus
648 537 1153 634 FLleonM.
1252 565 1346 646 aaa

105 787 310 874 numento
360 799 431 883 per
482 788 621 860 totum
669 795 739 857 uas
775 767 919 881 preffio
951 771 1031 854 erit
1054 761 1351 885 pzbs-r-C,

103 905 222 1011 fitque
258 902 305 984 ab
334 901 491 986 ustione
524 905 681 987 uirium
721 897 748 983 S
797 897 942 982 codem
997 903 1125 986 modo
1169 902 1351 1009 pendet,

104 1057 176 1142 quo
207 1031 253 1112 in
280 1028 367 1114 casu
400 1032 577 1138 quietis,
605 1025 771 1115 diuersus
804 1043 941 1109 autem
976 1030 1226 1139 temporibus
1250 1027 1372 1113 hacc·

98 1157 239 1268 pressio
271 1181 348 1264 pro
375 1157 505 1240 lubitu
539 1157 690 1246 variari
721 1157 882 1266 potest,
917 1159 1089 1272 prorsus⁴
1114 1159 1347 1256 utinatura

99 1287 325 1396 quaestionis
356 1284 545 1394 postulat

544 1433 896 1628 Schohon.

246 1703 319 1793 59.
355 1683 439 1798 llic¹
467 1686 573 1769 casus
606 1704 660 1770 ex
694 1687 980 1797 praecedente,
1024 1706 1107 1793 quo
1138 1699 1222 1767 tota
1256 1679 1352 1764 flui-

94 1815 135 1900 di
165 1810 282 1898 messa
314 1814 358 1896 in
390 1813 524 1924 quiete
552 1815 854 1920 perseuerabat,
893 1814 1034 1896 deduci
1068 1810 1259 1920 potuisset
1290 1813 1353 1892 se·

91 1943 273 2026 cundum
308 1943 563 2049 principium
596 1945 639 2024 in
673 1937 907 2026 Mechanica
950 1957 1194 2049 receptum,
1241 1939 1350 2048 quod

89 2065 132 2151 in
172 2082 292 2151 motu
327 2089 549 2177 corporum
582 2072 719 2153 omnia
753 2085 917 2153 manent
950 2072 1118 2170 eadem,
1150 2067 1181 2149 fi
1214 2082 1353 2150 totum

86 2216 242 2281 eorum
272 2195 441 2300 systema
473 2197 631 2310 insuper
662 2196 923 2283 uniformiter
955 2197 997 2280 in
1027 2195 1229 2282 directum
1258 2219 1356 2305 pro-

89 2323 189 2412 serri
224 2324 489 2435 concipiatur.
568 2323 731 2411 Verum
768 2328 834 2412 hic
864 2323 918 2409 ob
947 2327 1056 2409 uires
1089 2322 1355 2411 sollicitantes

88 2450 132 2554 P,
169 2449 245 2562 Q5
279 2451 317 2539 R
349 2452 510 2565 aliquod
542 2453 757 2539 discrimen
789 2453 974 2562 accedit3
1010 2457 1053 2536 in
1083 2455 1218 2562 quiete
1243 2450 1354 2534 enirn

89 2578 304 2690 quodlibet
336 2577 456 2690 fluidi
482 2578 740 2668 elementum
773 2597 973 2696 perpetuo
998 2583 1172 2664 eandem
1204 2577 1356 2663 sollici·

88 2706 516 2818 tationemsustinet,
564 2712 665 2794 dum
685 2729 836 2815 autem
869 2706 1003 2790 fluidi·
1024 2705 1147 2813 rnuisa¹
1184 2730 1356 2819 progre-

85 2830 296 2940 ditur‚‘et
328 2833 435 2920 idem
458 2839 712 2936 elementum
732 2837 808 2937 alia
842 2852 965 2944 atque
983 2835 1061 2917 alia
1079 2832 1167 2933 loca
1185 2860 1356 2946 percurf

85 2963 146 3047 rit
179 2964 347 3048 euenire
380 2967 522 3076 utique
557 2965 716 3074 potest,
764 2981 813 3049 ut
847 2959 1136 3070 successrueab
1167 2967 1258 3052 aliis
1293 2984 1358 3058 at·¹

85 3117 170 3202 que
204 3091 294 3176 aliis
327 3094 479 3178 uiribus
511 3091 784 3200 sollicitetur,
836 3089 1035 3200 srquidem
1084 3089 1158 3175 hae
1193 3095 1356 3182 viresa

78 3217 190 3306 loco
222 3224 427 3332 pendent,
461 3241 507 3308 ut
540 3219 783 3331 plerumque
813 3217 903 3303 fieri
932 3215 1046 3318 solet.
1127 3217 1238 3314 Cum
1274 3220 1357 3336 igi-

73 3367 162 3428 tur
201 3372 277 3453 pro
308 3353 451 3435 eodem
484 3350 598 3454 fluidi
620 3349 841 3466 elemento
875 3345 944 3431 hic
978 3348 1180 3456 quantitas
1227 3345 1256 3438 S
1305 3346 1357 3439 fit

75 3469 321 3575 variabilis,
353 3503 453 3584 quae
486 3479 527 3559 iu
560 3481 648 3560 casu
682 3476 830 3582 quietis
865 3475 1045 3554 manebat
1077 3478 1254 3558 constans
1286 3502 1357 3584 pe·

80 3601 242 3684 culiari
277 3600 476 3686 solutione
507 3619 592 3683 erat
624 3625 741 3711 opus.
807 3595 934 3680 Probe
964 3613 1099 3680 autem
1133 3602 1355 3684 tenendum

84 3731 179 3828 est,
217 3727 296 3809 nisr
332 3730 439 3812 vires
467 3727 727 3836 sollicitantes
761 3724 928 3808 itasrnt
973 3743 1261 3832 comparatae,
1309 3745 1358 3811 ut

85 3853 274 3942 formula
325 3853 788 3968 de-l-Qdy-l—Rdz
830 3852 1159 3956 integrationem
1205 3854 1360 3939 admit·

86 4003 183 4084 tat,
222 4001 310 4065 tum
347 3984 473 4068 talem
506 4003 666 4071 motum
702 4005 826 4089 aeque
852 3997 1022 4092 'parum‘
1045 3977 1182 4066 locum
1214 3977 1360 4067 habere

87 4111 208 4218 posse
239 4135 287 4210 ac,
311 4108 525 4218 quietem,
577 4112 948 4220 quomodocunque
973 4107 1105 4194 etiam
1136 4108 1246 4195 vires
1287 4135 1359 4194 earu

88 4239 296 4322 trinsecus
326 4258 483 4343 agentes
515 4256 854 4345 attemperantur.·
907 4235 963 4322 'Si
996 4233 1147 4321 scilicet
1173 4240 1361 4322 eiusmo-

89 4367 131 4456 di
164 4365 283 4454 casus
314 4365 529 4472 exilierat,
571 4363 733 4464 „etiamst
778 4363 900 4454 initio
939 4383 1093 4452 ‚motus
1137 4367 1360 4467 uniformis

752 4487 815 4580 Ss
851 4515 876 4572 2
1313 4492 1358 4572 in
