4200 5617
645 510 701 567 10
821 458 1298 588 ursQusrrrouns
1332 460 1753 591 nunrrrrcuu

795 703 853 789 *In
887 702 955 785 ista
989 694 1118 800 serie,
1150 716 1275 803 quam
1310 696 1495 802 vocabo,
1545 703 1797 807 generatrice
1828 698 1904 784 ad·

645 834 794 918 dantur·
827 832 1020 939 primus,
1053 842 1255 935 quattus,
1296 823 1490 933 septimus
1533 849 1615 914 etc.
1666 832 1905 935 terminus,

645 982 873 1069 eorumque
906 930 1066 1041 surhma
1096 952 1310 1036 diuidatur
1345 976 1423 1065 per,
1450 956 1594 1063 nm,
1647 956 1779 1067 sicque
1832 956 1905 1039 ha-

647 1086 804 1171 bebitur
838 1106 1036 1172 numerus
1068 1075 1351 1167 schedularum
1373 1082 1415 1162 in
1435 1082 1567 1193 prima
1589 1109 1708 1190 vrna3
1744 1084 1906 1179 Deinde

647 1214 679 1305 fi
711 1214 909 1301 addantur
940 1212 1165 1314 secundus,
1195 1211 1395 1320 quintus,
1425 1210 1593 1300 odtauus
1629 1234 1703 1300 etc.
1761 1181 1906 1298 tentii-

636 1363 726 1427 ‘nus
757 1346 996 1451 summaque
1031 1342 1182 1451 pariter
1213 1338 1421 1422 diuidatur
1454 1365 1526 1448 per
1558 1344 1666 1424 n'*¹
1696 1341 1908 1429 habebitur

638 1472 842 1556 'numerus
890 1468 1176 1557 schedularum
1222 1463 1405 1549 albarum
1462 1468 1504 1551 iu
1552 1493 1654 1554 urna
1709 1473 1909 1575 serundu;
1938 1503 1951 1519 ·’

649 1600 841 1715 Denique
872 1599 1033 1684 summa
1073 1597 1229 1702 terrui,
1276 1595 1410 1725 sexti,
1461 1599 1559 1681 nuni
1603 1617 1681 1684 etc.
1713 1601 1911 1718 'termini

648 1730 777 1815 diuisa
812 1753 882 1839 per
915 1730 1027 1811 n'··'
1057 1728 1167 1815 dabit
1185 1746 1409 1809 numerum
1430 1724 1710 1813 schedularum
1723 1730 1910 1833 albarum

648 1859 693 1943 in
754 1852 874 1944 tertia
927 1881 1039 1941 urna.
1142 1854 1258 1937 Vnde
1306 1879 1378 1964 per
1412 1854 1452 1937 se
1484 1855 1648 1965 liquet,
1681 1882 1909 1943 numerum

648 1988 834 2071 omnium
870 1982 1151 2070 schedularum
1185 1980 1401 2085 albarum,
1434 1984 1481 2069 vi
1498 1982 1618 2069 huius
1637 1987 1903 2073 construetio-

649 2118 745 2221 nis,
773 2102 849 2233 effe
880 2113 1107 2199 constanter
1138 2131 1257 2221 zu,
1290 2112 1430 2222 prouti
1464 2133 1609 2199 natura
1642 2115 1702 2199 rei
1719 2113 1908 2229 pustulat.

799 2378 829 2487 d
874 2396 939 2467 10.
973 2374 1054 2466 Res
1084 2398 1165 2487 eo,
1195 2369 1420 2491 quu'mihi
1467 2374 1694 2462 obseruatae
1743 2378 1913 2462 suerunt

648 2507 789 2595 ordine
819 2512 1011 2617 proier03
1076 2506 1179 2593 Iam„
1198 2533 1300 2593 uero
1347 2504 1462 2591 facile
1503 2502 1742 2612 ‘intelligere
1792 2502 1909 2613 potui

435 2742 446 2765 ‘
536 2642 538 2647 '
646 2658 698 2720 ex
731 2632 989 2745 praecedente
1005 2632 1284 2743 paragrapho,
1315 2655 1580 2743 quotcunque
1596 2634 1751 2719 suerint
1769 2655 1908 2737 urnae,

647 2766 870 2877 praefatam
902 2764 1046 2845 seriem
1078 2766 1369 2867 generatricem
1404 2767 1561 2873 semper
1591 2765 1757 2848 eandem
1809 2784 1911 2870 per-

651 2914 883 3001 ,‚manere‚
916 2888 1105 2998 primum
1138 2908 1278 2977 autem
1309 2892 1395 2973 eius
1428 2891 1658 2975 terminum
1709 2890 1928 3015 pertinere·

649 3020 736 3131 „ad
769 3020 950 3133 primam
982 3039 1169 3125 urnam,
1200 3020 1420 3105 secundum
1453 3017 1684 3104 terrhinum
1710 3019 1912 3105 adsecun-

653 3149 784 3256 „dam
804 3147 1009 3250 urnam,
1059 3148 1234 3231 tertium
1280 3148 1328 3234 ad
1378 3152 1541 3234 tertiam
1594 3166 1637 3231 et
1683 3143 1737 3231 fic
1785 3170 1913 3259 porro

647 3278 775 3362 donec
808 3291 1059 3384 peruentum
1091 3272 1212 3360 suerit
1244 3261 1460 3362 aduenam
1479 3274 1708 3381 ultimam,
1740 3292 1912 3389 tumque

571 3506 577 3511 ¹
651 3405 851 3490 terminos
881 3404 1095 3513 sequenter
1119 3397 1263 3491 eodem
1296 3406 1437 3492 ordine
1477 3409 1629 3491 iterum
1680 3406 1911 3490 tribuendos

649 3530 724 3617 effe
754 3554 879 3618 rrnae
912 3530 1087 3640 primae,
1118 3533 1303 3617 secundae
1331 3552 1405 3618 etc.
1436 3535 1560 3618 donee
1590 3534 1755 3620 'secunda
1776 3537 1910 3643 perio-

648 3662 723 3749 dus
753 3656 871 3747 finita
904 3654 1063 3763 suerit,
1090 3684 1174 3770 quo
1205 3659 1304 3745 iada
1353 3664 1475 3744 tertia
1525 3663 1672 3773 incipit
1725 3662 1914 3773 periodus

649 3786 886 3899 incipiendo
916 3786 1069 3872 iterum
1104 3785 1152 3873 ab
1183 3790 1287 3871 vrn'a
1321 3791 1454 3898 prima
1502 3809 1544 3874 et
1576 3788 1646 3882 ¹iic
1694 3791 1913 3900 deinceps,

648 3917 910 4029 usquedum
942 3924 1098 4000 omnea'
1134 3916 1246 4002 seriei
1296 3918 1465 4001 termini
1516 3916 1671 4005 suerint
1715 3916 1911 4005 exhausti·

650 4046 789 4133 Erunt
821 4066 946 4153 porro
985 4036 1135 4152 singuli
1182 4045 1356 4130 termini
1403 4044 1611 4135 diuidendi
1661 4071 1733 4160 per
1782 4052 1914 4149 n'·¹;

619 4171 729 4269 ,huc
761 4170 871 4260 sudio
903 4168 1092 4262 indicabit
1122 4168 1285 4260 summa
1315 4175 1510 4280 omnium
1542 4183 1822 4267 terminorum
1863 4176 1915 4262 ad

1511 4295 1518 4310 ’
1743 4303 1914 4394 candem
