4200 5617
624 574 661 657 t
795 530 799 539 ’
1045 560 1164 674 »bd
1195 550 1212 678 i
1242 582 1272 647 0
1305 472 1471 679 lituo

627 818 724 885 rum
758 790 959 909 peculiari
990 792 1289 903 distinguantur
1321 789 1498 899 colore,
1545 790 1769 945 unaquauis
1802 819 1899 909 pet

628 930 887 1030 mutatione,
918 950 1001 1015 una
1044 924 1285 1011 extrahatur
1330 923 1514 1013 schedula
1545 942 1607 1011 et
1655 928 1700 1010 in
1739 916 1899 1015 urnam

584 1045 588 1053 ’
627 1058 769 1146 ordine
817 1060 1052 1167 sequentem
1103 1074 1424 1167 transponatur,
1470 1054 1525 1141 fic
1568 1074 1649 1159 ut,
1695 1078 1796 1165 quae
1842 1077 1899 1147 ex

619 1184 777 1303 ,ultima
826 1210 926 1272 urna
960 1191 1140 1274 extracta
1188 1184 1272 1289 sat,
1320 1188 1364 1269 in
1414 1187 1596 1295 primam
1646 1201 1898 1297 reponatur3

627 1314 724 1399 dato
765 1318 1115 1424 permutationum
1148 1314 1360 1399 secundam
1391 1310 1495 1396 banc
1527 1316 1663 1419 legem
1696 1313 1899 1401 satiatum

628 1464 834 1553 numero,
882 1444 1152 1529 determinare
1188 1464 1416 1529 numerum
1450 1440 1731 1528 schedularum
1764 1446 1897 1529 cuius·

625 1570 692 1654 ris
741 1572 925 1673 coloris,
980 1573 1238 1683 probabiliter
1294 1574 1338 1655 in
1385 1572 1540 1682 'quauis
1589 1595 1693 1656 urna
1728 1591 1897 1659 conten·

627 1694 808 1785 tarum?
872 1700 941 1791 Vt
986 1702 1071 1787 iam
1136 1724 1273 1809 uera,
1319 1698 1467 1811 quibus
1529 1699 1707 1787 solutio·-
1747 1700 1897 1787 huiua-

628 1830 863 1941 quacslionis
933 1830 1145 1935 innititur,
1194 1830 1396 1943 principia
1461 1847 1581 1916 tanto
1662 1826 1898 1918 euidentius

628 1958 832 2067 explicare
889 1960 1074 2063 liceret,
1125 1956 1264 2043 casum
1316 1960 1454 2071 primo
1502 1954 1897 2069 simplicissimum,

632 2088 825 2199 quamuis
861 2089 901 2171 in
932 2090 969 2171 se
999 2088 1091 2171 satis
1124 2086 1332 2190 obuium,
1364 2084 1519 2174 Illustr.
1554 2086 1732 2171 Audtori
1767 2090 1897 2175 adfer·

628 2239 673 2297 re
704 2214 918 2331 placuit,
927 2238 1025 2297 eum
1059 2215 1245 2343 scilicet,
1294 2240 1378 2328 quo
1424 2216 1527 2298 duae
1571 2232 1734 2297 rantum
1780 2217 1901 2321 eius-‚-

628 2344 743 2428 modi
796 2333 1098 2455 proponuntur
1137 2364 1300 2446 urnae,
1331 2368 1408 2454 pro
1458 2340 1545 2453 q'uo
1575 2340 1757 2452 quidem
1804 2325 1897 2428 catu

624 2471 835 2583 postquam
869 2496 922 2555 ex
955 2468 1168 2581 principiis
1196 2473 1402 2559 dodiriuae
1433 2470 1793 2566 combinationum
1825 2492 1899 2584 ex3

626 2597 867 2740 pressionem
900 2601 1072 2683 deduxit
1124 2600 1358 2701 generalem
1397 2599 1563 2681 numeri
1612 2566 1899 2683 schedularum

625 2750 705 2837 pro
733 2725 897 2833 quouis
915 2724 1294 2868 permutationum
1304 2746 1524 2852 numero,
1556 2723 1731 2839 ostendit
1770 2752 1896 2837 quem

629 2848 856 2955 valorem,
891 2846 1005 2936 ha'ec
1062 2835 1200 2934 induat
1248 2823 1506 2960 eupreffio¹
1512 2849 1568 2934 si
1619 2867 1702 2937 non
1759 2856 1894 2948 solum

627 2984 874 3063 numeruss
855 2979 1050 3064 indiarum
1094 2983 1454 3091 permutationum
1504 3000 1682 3091 ponatur
1731 2981 1896 3091 infinite

625 3128 827 3212 magnus;
863 3106 925 3193 scd
957 3110 1085 3192 etiam
1118 3131 1316 3193 numerus
1345 3107 1628 3195 schedularum
1649 3082 1897 3221 permagnus

625 3236 750 3320 suerit
798 3253 840 3319 et
888 3234 959 3319 sac¹
990 3237 1159 3346 quidem
1214 3262 1291 3349 pro
1341 3238 1506 3325 infinito
1563 3237 1705 3324 habeti
1759 3237 1890 3351 possit⁴

624 3364 710 3449 Hac
743 3364 841 3448 utta
874 3358 1365 3475 suppositiouetralorem
1399 3366 1585 3453 eiusdem
1619 3370 1893 3477 rexpreshouit

626 3490 791 3577 calculo
824 3484 1123 3580 infinitesrmali'
1151 3496 1194 3578 iu
1224 3494 1453 3582 subsidium.
1476 3518 1629 3585 vocato
1656 3487 1897 3608 truit3‘quo

625 3620 799 3706 cundem
852 3618 969 3730 plane
1020 3625 1228 3726 obtinuit,
1261 3626 1266 3632 ’
1297 3629 1422 3730 quem
1459 3648 1580 3725 antea
1615 3638 1694 3706 ex
1739 3624 1895 3728 regalia

625 3748 843 3838 doctrinae„
864 3748 1213 3836 combinationum
1231 3748 1461 3837 deduxerat.
1495 3752 1583 3834 Hac
1608 3767 1708 3835 rcro
1730 3759 1895 3864 qudqua

632 3878 848 3963 constituta
900 3878 1157 3989 hypothesi,
1189 3876 1268 3965 alia
1308 3876 1591 3988 problemata,
1638 3886 1891 3991 quaes-'pro-

624 4008 715 4116 prio
747 4008 798 4089 ad
832 4002 1058 4115 dostrinam
1094 4009 1465 4118 ‘permutationum
1514 4032 1598 4091 non
1642 4006 1890 4115 pertineret,

621 4132 785 4219 facilem
834 4135 1063 4219 admittunt
1115 4136 1397 4239 solutionem,
1444 4134 1802 4245 ‘quemadmodum
1856 4136 1889 4227 st

503 4260 507 4275 '
626 4263 733 4346 duo
743 4262 1017 4406 supponantur
1066 4266 1157 4349 rasa
1210 4264 1366 4349 duobua
1414 4262 1674 4355 canaliculia
1700 4267 1807 4360 iuter
1850 4266 1888 4351 st

623 4389 1010 4549 communicantia,
1040 4411 1083 4485 ct
1116 4391 1279 4555 duobus
1306 4388 1443 4479 fluidis
1480 4384 1660 4498 diunius
1681 4393 1887 4505 impieta,

628 4566 632 4575 ·
1698 4542 1882 4635 quorum
