4200 5617
936 485 1532 575 PRAEFATIO.

601 736 724 810 num
754 703 978 838 praeberi
1010 698 1305 833 stipendium
1337 698 1403 802 du
1438 700 1551 829 lex,
1603 723 1654 801 et
1685 728 1865 805 merce·

604 835 719 937 dem
767 829 1027 937 veredariis
1077 828 1293 933 debitam
1361 830 1512 932 ‘olui
1544 861 1606 931 ex
1639 832 1865 962 aerari03

603 987 752 1110 atque
783 991 849 1060 ne
881 957 999 1089 quid
1039 988 1211 1061 morae
1257 957 1615 1083 intercederet,
1698 959 1865 1061 rouin-

597 1120 789 1191 riarum
820 1068 1115 1208 Praesidibus
1146 1084 1277 1189 mida
1307 1082 1418 1189 sunt
1452 1085 1626 1212 edicta,
1702 1076 1867 1217 pera·
1994 1144 1997 1152 f

603 1218 732 1321 toria
763 1246 914 1319 manu
947 1214 1157 1344 figmata,
1206 1214 1382 1347 quibus
1413 1212 1519 1320 iuffi
1559 1239 1698 1316 erunt
1747 1216 1868 1317 Aca·

601 1347 758 1451 miros
829 1339 1107 1447 humaniter
1175 1344 1431 1474 excipere,
1496 1364 1645 1475 atque
1693 1343 1750 1445 iis
1803 1342 1867 1447 de

603 1470 868 1598 omnibuS,
899 1501 1026 1602 quae
1055 1467 1119 1571 ad
1154 1471 1518 1603 expeditionem
1549 1471 1867 1602 pertinerent,

603 1601 820 1729 benigne
850 1598 1121 1729 grutificari
1183 1600 1314 1702 Deni
1347 1632 1412 1702 ue
1449 1600 1700 1730 singuline
1798 1601 1868 1703 di·

600 1730 801 1831 tionum
885 1722 1107 1829 raefedis
1155 1725 1267 1829 data
1306 1631 1428 1831 {unt
1465 1728 1527 1833 ab
1560 1728 1727 1878 Amp
1763 1760 1867 1834 imo
2023 1767 2031 1784 ·
2092 1745 2093 1752 '

607 1854 800 1960 Ordine
881 1856 1127 1987 plumata,
1179 1854 1474 1962 Praefidibus
1503 1886 1869 1988 prouinciarum

605 2007 659 2091 et
690 1983 1094 2118 procmatoribus
1128 1981 1430 2119 (noenomnb)
1461 1981 1747 2091 exhibenda.

755 2244 893 2349 Prius
907 2274 1058 2379 quam
1072 2245 1249 2351 itinera
1261 2243 1344 2355 sua
1358 2248 1734 2379 ingrederentur
1748 2248 1871 2351 Aca·

608 2373 816 2501 demici,
849 2370 1247 2477 Excellentiismri
1278 2376 1575 2481 Academiae
1597 2374 1869 2481 Diredoris

606 2503 913 2607 thnrmnu
948 2502 1189 2607 Comme
1210 2504 1442 2610 Oncovn
1475 2534 1659 2635 opera,
1687 2506 1871 2607 incon·

603 2624 825 2756 spudium
869 2654 920 2729 et
952 2630 1327 2732 venerationem
1359 2626 1676 2766 Serenifflmae
1709 2642 1872 2736 PRIN-

607 2764 790 2879 clPIS,
839 2754 1054 2903 Eiusque
1082 2753 1222 2881 Filii,
1278 2756 1484 2890 Imperii
1538 2756 1759 2862 Heredis
1819 2781 1873 2863 et

606 2880 794 3027 Magni
841 2881 1045 3012 Dum,
1095 2892 1306 2985 vnvm
1370 2894 1868 3001 rurnowrrscu
2051 2958 2057 2969 .

608 3004 791 3123 admffi
820 3004 945 3119 sunt.

2015 3119 2097 3226 „r
