4200 5617
316 455 777 642 Qvnnuveunvn
809 518 890 610 er
922 516 1141 608 aarum.
1195 518 1200 533 ’
1236 460 1400 627 ’5ςῆ
1541 533 1547 545 .

100 752 271 853 cebant,
293 767 473 860 *totoque
503 757 672 856 corpure
702 745 828 834 velut'
851 735 1176 836 deosculabantur
1201 813 1213 855 ‚
1258 778 1357 836 con·

69 885 218 963 tinuo
250 874 448 963 fistulante
480 895 521 958 et
551 875 657 984 quast
692 876 837 959 leuiter
871 878 1124 990 repugnante
1176 882 1357 984 femina,
1474 986 1479 994 ι

98 1027 226 1118 quam
262 1009 422 1092 tandem
448 1005 713 1089 reluctantem
747 1005 897 1112 palmis
931 1005 1108 1089 medinm
1140 1007 1355 1091 areiillrme
1481 1031 1486 1039 ·

97 1131 341 1245 complexus
398 1125 517 1236 mat,
567 1131 706 1210 secum
757 1131 802 1214 in
851 1131 952 1218 latus
1004 1131 1286 1242 proiciebat(
1316 1155 1359 1220 et

95 1283 195 1348 cute
228 1263 396 1350 ceruicis
441 1254 651 1340 mordicus
700 1256 940 1368 adprehensa
991 1260 1148 1370 pollicis
1196 1264 1361 1370 pedibus

94 1393 206 1476 circa
241 1394 391 1487 femora·
421 1385 616 1502 faeminae
648 1381 838 1492 adfixus,
872 1389 1099 1494 subigebat,
1131 1387 1355 1502 inquietam

93 1541 140 1602 et
173 1517 331 1602 subinde
367 1511 565 1628 passerum
614 1508 741 1599 simili
791 1538 889 1598 uoce
941 1500 1183 1622 stridulam,
1232 1521 1361 1605 donec

92 1649 182 1755 poll
222 1667 354 1726 vnum
407 1641 636 1734 alterumue
670 1645 882 1728 minutum
919 1663 1189 1754 ,perageretur
1240 1671 1360 1754 opus.

93 1773 187 1858 Post
217 1767 474 1877 congressum
510 1771 627 1878 piger
649 1794 760 1876 mas,
792 1773 959 1856 eandem
988 1775 1065 1857 vix
1096 1768 1205 1856 vltra
1237 1775 1380 1858 eura?

89 1901 158 1984 bat
193 1900 419 2008 seminam,
449 1923 621 2009 raroque
650 1900 693 1982 in
727 1924 878 1983 nouam
929 1901 1069 1986 eadem
1119 1900 1184 1983 die
1234 1905 1367 1985 vene·'

87 2053 183 2110 rem
214 2027 398 2115 sufficere
430 2025 650 2115 uidebatur.
716 2027 980 2139 Praegnantes
1012 2032 1184 2114 feminas
1234 2030 1360 2116 odore

86 2153 337 2262 detegebat,
370 2151 412 2238 et
444 2157 526 2238 cito
558 2154 788 2261 relinquere
820 2155 962 2240 solebat
1001 2158 1176 2242 intuitus.
1225 2156 1357 2240 Habui

90 2308 244 2392 mares,
285 2309 387 2394 quos
421 2284 744 2389 emagnirudine
777 2284 984 2369 anniculos
1016 2289 1092 2370 eise
1124 2287 1358 2388 constabat,

89 2414 167 2524 qui
202 2417 462 2499 advenetem
496 2412 623 2522 inepti
642 2415 830 2516 luerunt3
863 2416 925 2497 sed
966 2439 1015 2496 an
1052 2416 1130 2497 hoc
1165 2412 1252 2520 lege
1286 2439 1354 2497 na-

87 2561 239 2648 turae,
271 2567 353 2625 non
387 2542 541 2625 dixero.
586 2541 834 2650 Peptrerunt
864 2539 1039 2622 feminae
1072 2565 1216 2626 omnes
1247 2544 1353 2625 iutra

85 2669 343 2768 vigesimum
379 2649 573 2782 quintum
606 2666 673 2751 uel
707 2665 968 2774 trigesimum
1002 2672 1048 2753 ab
1100 2669 1206 2753 inito
1251 2671 1351 2750 con·

85 2797 222 2904 grellu
265 2801 411 2896 diem,
444 2796 553 2907 quud
584 2795 624 2876 in
658 2796 825 2878 initium
864 2795 965 2880 Maii
1001 2795 1148 2879 menits
1175 2796 1348 2905 ‚circiter

85 2927 248 3011 incidit.
313 2924 479 3010 Pariunt
512 2922 638 3050 nudos
668 2943 710 3005 et
742 2948 916 3026 caecos,
952 2923 1181 3027 informes,
1239 2921 1352 3008 mole

82 3055 178 3136 satis
211 3051 382 3160 insignes
422 3049 585 3164 pullus,
634 3051 792 3153 trinos,
842 3073 1087 3162 quaternae,
1137 3055 1350 3140 interdum

84 3181 218 3262 senon
280 3181 333 3263 Hi
373 3196 470 3260 tunc
507 3197 617 3261 tanta
651 3175 863 3263 celeritate
893 3181 1154 3283 adolescunt,
1207 3183 1255 3265 it
1287 3183 1353 3264 iu·
1441 3181 1445 3186 ’

85 3324 213 3389 eunte
244 3301 365 3391 Iunio
395 3323 535 3412 captos
568 3326 714 3412 patum
745 3309 830 3385 iam
863 3331 904 3385 a
926 3311 1203 3406 magnitudine
1256 3330 1352 3387 ma-

84 3435 168 3517 tris
205 3432 362 3518 abfuill'e
394 3431 582 3530 viderim.
650 3427 748 3513 Nou
784 3449 922 3514 tamen
954 3431 1098 3539 prius,
1128 3455 1250 3541 quam
1286 3435 1355 3520 sub
1436 3472 1440 3480 ·

82 3582 337 3654 autumnum
373 3559 516 3642 matris
548 3555 787 3642 cuniculum
820 3559 1034 3662 deserunt,
1070 3559 1220 3669 llbique
1253 3558 1349 3668 ipsis

86 3693 310 3802 proprium
343 3689 534 3794 fodiunt,
569 3705 670 3796 puto
720 3686 813 3770 illos
860 3677 985 3771 'tertio
1017 3684 1189 3772 demum
1245 3692 1369 3787 nnnuj

83 3842 313 3928 generare3
347 3836 458 3903 certo
492 3834 628 3898 tamen
662 3815 870 3902 affirmare
905 3831 985 3904 non
1020 3818 1162 3902 ausim.
1231 3815 1350 3897 Vitae

84 3947 259 4029 interim
305 3945 544 4036 breuitatem
601 3967 652 4027 ex
703 3963 891 4056 ternpore
948 3947 1173 4061 gestationis
1227 3962 1346 4062 atque
1426 3986 1434 4013 ·.

85 4072 365 4162 adolescentiae
402 4069 549 4180 eniguo
591 4069 786 4158 hariolari
830 4072 939 4157 licet.

227 4201 424 4294 Pabulum
457 4199 645 4287 cicutatis
679 4203 780 4284 meis
813 4201 1111 4304 usitatillimum
1152 4203 1230 4286 fuit
1280 4199 1357 4284 tri·

90 4328 247 4438 titum,
284 4327 327 4416 et
360 4328 506 4438 letale,
539 4341 698 4430 auena,
752 4331 877 4428 panis.
956 4329 1109 4450 Herbar
1151 4327 1350 4440 ‘infipida's

624 4459 784 4541 Aaaa
819 4479 845 4560 a
885 4469 902 4489 ‘³
1313 4470 1380 4538 et·
