4200 5617
704 555 802 663 47⁶
1018 528 1243 632 OVVM
1304 529 1658 634 SIMPLEX

708 771 712 778 ’
772 768 778 776 ’
852 771 935 862 Die
966 771 1108 885 primo
1138 789 1180 858 et
1219 773 1299 858 fere
1338 770 1510 855 secumlo
1559 765 1830 854 incubationis
1889 771 1964 857 ren

701 905 746 996 in
778 929 868 992 eret
886 898 1085 990 valenton
1118 902 1304 988 nondum
1335 901 1511 984 formate
1542 897 1643 984 suut.
1679 900 1818 983 Areae
1852 895 1963 1009 ipim

701 1033 980 1152 primordium
1013 1027 1199 1116 metulae
1230 1027 1387 1135 inlinr,
1416 1026 1494 1141 pisr
1528 1026 1837 1134 magnitudine,
1871 1029 1963 1113 nibet

702 1167 747 1251 in
781 1163 918 1250 uitelli
951 1157 1167 1272 superficie
1197 1178 1395 1268 appetet,
1424 1159 1533 1270 quod
1568 1161 1780 1244 maculam
1825 1177 1962 1242 vocant

702 1313 895 1398 autores,
925 1289 990 1376 seu
1031 1285 1325 1373 cicatricultm.
1391 1287 1442 1372 In
1501 1257 1576 1372 buc*
1624 1283 1792 1374 macule
1841 1287 1960 1372 eredit

700 1445 864 1534 quoque
916 1399 1115 1530 pellucido
1163 1413 1375 1502 consuetae
1423 1411 1581 1523 figurae
1625 1417 1833 1520 oblongae
1888 1416 1958 1499 leti

701 1553 912 1640 euidenter
942 1546 1225 1659 conspicitur,
1251 1569 1377 1654 quum
1410 1547 1585 1632 oculum
1606 1605 1609 1610 -
1628 1546 1847 1634 nemaeus
1895 1569 1958 1655 tp-

700 1677 843 1796 pellat.
959 1675 1104 1762 Primo
1152 1675 1284 1782 igitur
1332 1677 1598 1800 incubatione
1656 1695 1845 1782 tempore
1891 1699 1957 1760 mc

702 1809 865 1894 macule
897 1804 938 1888 in
978 1803 1129 1891 uitello
1178 1803 1269 1887 fuit.
1334 1801 1385 1887 ln
1435 1829 1482 1889 en
1534 1827 1639 1887 unus
1684 1803 1855 1909 oculus,
1903 1805 1959 1889 sel

698 1933 825 2024 solito
845 1930 965 2016 letior
982 1952 1025 2015 er
1050 1931 1187 2040 ligura
1210 1930 1509 2041 quadrilatera,
1542 1934 1586 2014 in
1604 1931 1683 2018 hoc
1697 1933 1788 2016 duo
1805 1934 1955 2040 tepenti

699 2066 939 2168 embryooet
972 2060 1091 2146 iuxta
1120 2060 1162 2144 se
1192 2060 1371 2145 inuicem
1402 2059 1589 2148 collocati
1619 2063 1801 2148 filerunt.
1864 2063 1959 2148 Ante

701 2189 1024 2294 incubationem,
1057 2189 1127 2274 vbi
1159 2184 1239 2271 solu
1257 2186 1416 2273 macula
1450 2193 1492 2273 in
1525 2189 1696 2298 uitello,
1727 2190 1817 2274 stne
1843 2195 1959 2276 creole

701 2319 907 2434 pellucida
941 2313 1023 2402 sme
1054 2315 1276 2424 embryone
1312 2338 1515 2430 apparet,
1560 2318 1667 2406 nihil
1716 2317 1873 2407 insoliti
1917 2322 1960 2408 iu

701 2447 783 2538 boc
815 2470 900 2538 ouo
929 2449 968 2534 se
1001 2444 1329 2566 conspiciendum
1360 2443 1609 2566 praebuiliet.

489 2737 689 2829 comm
849 2705 1037 2801 Vesrculu
1081 2705 1360 2822 umbilicnlis,
1407 2733 1513 2825 quae
1553 2731 1638 2800 rot
1682 2643 1787 2802 eum
1834 2715 1961 2799 amrin

488 2847 546 2964 ue
570 2846 654 2923 stetu
700 2839 808 2934 inter
856 2845 1042 2931 tunicum
1105 2842 1249 2930 uitelli
1314 2845 1565 2930 exteriorem
1615 2863 1659 2930 et
1724 2845 1964 2930 interiorem

487 2945 589 3022 Μ
620 2953 676 3026 ⁰¹²5
699 2970 940 3058 naturaliter
957 2971 1044 3069 ‚lin
1074 2974 1163 3079 est,
1194 2973 1283 3084 poli
1310 2966 1422 3059 diem
1437 2973 1651 3057 decimum
1665 2974 1870 3059 continuo
1901 2974 1968 3055 in·

486 3043 611 3146 ‘um'
697 3103 908 3190 mellendo
939 3103 1059 3212 super
1089 3103 1280 3187 emnium
1312 3103 1357 3184 in
1409 3124 1495 3213 quo
1541 3101 1643 3185 ictus
1689 3103 1974 3208 continetur,

697 3231 872 3340 indeque
939 3252 1065 3340 porro
1139 3231 1443 3340 lupercorum
1499 3228 1680 3316 vitellum
1749 3228 1974 3314 voluitur.

665 3355 888 3460 -Denique
918 3358 966 3442 ud
998 3355 1140 3440 locum
1174 3361 1244 3446 rbi
1274 3355 1504 3464 albumen,
1535 3362 1639 3470 quod
1682 3355 1791 3442 mole
1844 3379 1973 3442 nunt

698 3484 889 3569 multum
942 3483 1224 3570 imminutum
1269 3487 1356 3592 eli,
1422 3485 1574 3572 vitello
1620 3482 1839 3592 adhaeret,
1896 3487 1968 3596 qui

694 3612 919 3720 inconscii
951 3613 1187 3720 embryouis
1216 3617 1297 3700 fere
1335 3613 1544 3725 oppositus
1574 3613 1661 3724 cll,
1692 3608 1823 3701 relice
1876 3611 1973 3706 haec

512 3729 519 3736 ’
694 3741 913 3855 perietibus
944 3737 1130 3849 eollrplis
1159 3745 1226 3828 sue
1254 3745 1586 3853 circumferentia
1619 3744 1805 3854 attingit,
1834 3747 1974 3856 super·

694 3891 774 3982 que
800 3872 937 3982 ipsum
969 3867 1159 3954 albumen
1190 3872 1263 3958 sese
1294 3875 1491 3979 extendit,
1525 3875 1809 3960 membranum
1826 3871 1972 3962 vitelli

692 3999 978 4095 exteriorem,
1009 4023 1088 4110 que
1121 3998 1373 4108 includitur,
1421 4005 1558 4089 secum
1607 4003 1786 4092 ferendo
1855 4003 1967 4090 Hinc

694 4123 775 4210 elie
808 4128 880 4209 oui
914 4115 1391 4215 innotuerenascuntnr.
1456 4129 1631 4242 Duplex
1661 4135 1786 4217 enim
1817 4133 1966 4220 retiae

693 4241 889 4364 collapsae
920 4253 1055 4365 paries
1084 4255 1236 4367 duplex
1284 4260 1361 4344 toti
1410 4283 1496 4343 ouo
1543 4260 1827 4351 inuolucrum
1876 4267 1972 4375 lup·

641 4491 647 4503 „
692 4379 859 4494 peditat,
921 4379 1001 4474 Sed
1033 4385 1265 4475 membrana
1295 4382 1431 4478 uitelli
1461 4392 1686 4503 exterior,
1738 4418 1845 4509 quae
1894 4417 1976 4480 um

1868 4547 1978 4610 eum
