4200 5617
758 546 852 634 324
1066 511 1168 604 DE
1231 457 1694 610 PRINCIPIIS

754 757 799 842 in
830 745 1036 848 directum
1070 743 1200 835 fluido
1232 738 1362 832 ruisset
1396 747 1629 856 impreffus,
1661 747 1695 828 ia
1728 762 1870 833 tamen
1903 753 1994 845 nullo

755 883 881 968 modo
925 878 1151 962 conseruari
1198 871 1356 987 pollet,
1403 875 1467 962 sed
1514 872 1772 986 aequabilitas
1824 897 1994 985 perpetuo

754 1010 1014 1113 turbaretur,
1048 1005 1206 1116 hocque
1236 1005 1333 1088 adeo
1362 1003 1452 1090 casu
1490 1001 1729 1114 hypothesis
1759 1002 1992 1095 celeritatun

753 1140 1026 1226 constantium
1076 1127 1441 1218 contradictionem
1487 1134 1701 1242 implicare
1732 1134 1788 1215 est
1821 1135 1991 1224 certsenda.

756 1267 949 1378 Denique
979 1263 1077 1348 hinc
1113 1264 1237 1350 etiarn
1272 1258 1418 1344 clarius
1452 1259 1736 1366 intelligitur,
1767 1285 1911 1344 omnes
1939 1271 1992 1352 cir,

755 1395 1010 1486 cumstantias
1038 1407 1221 1475 externas
1254 1385 1387 1472 veluti
1423 1387 1524 1496 uatis
1557 1408 1598 1473 et
1631 1390 1790 1472 uirium
1810 1386 1911 1496 saue
1945 1420 1992 1479 un

753 1524 921 1629 solum,
962 1519 1046 1606 fiue
1073 1513 1407 1606 etiamnullum
1441 1514 1688 1628 pistillorum
1738 1540 1815 1626 ope
1869 1543 1993 1626 argen-

756 1653 866 1737 tium
897 1656 942 1736 iu
974 1651 1230 1762 aequationes
1260 1648 1465 1731 canonicas
1501 1664 1667 1730 moturn
1697 1645 1921 1730 fluidorum
1940 1675 1992 1732 ex·

755 1782 984 1894 primentes
1033 1803 1113 1860 non
1164 1775 1359 1880 ingredi,
1414 1771 1476 1856 sed
1526 1775 1694 1859 demum
1749 1777 1992 1882 integratione

755 1910 951 2020 peraeta,
998 1903 1224 1990 tunetiones
1272 1903 1498 1985 arbitrarius
1533 1901 1576 1983 in
1608 1901 1801 1986 calculum
1835 1905 1991 1990 inuecta
2036 1987 2037 1992 r

752 2037 804 2121 ad
836 2059 902 2118 eas
931 2032 1236 2136 accommodari
1264 2050 1491 2138 oportere,
1520 2053 1622 2138 quae
1645 2029 1869 2116 sanniones
1891 2033 1988 2120 etiau
2036 2039 2037 2048 '

753 2168 913 2272 {emper
947 2167 1004 2248 ita
1036 2160 1129 2243 sunt
1159 2177 1449 2268 comparatae,
1499 2178 1548 2240 ut
1579 2180 1722 2242 omnes
1773 2157 1888 2271 plane
1933 2165 1989 2248 cit.

753 2293 1235 2387 contaminaremus
1267 2287 1310 2372 in
1341 2289 1379 2374 se
1410 2282 1752 2412 complectuntur.

857 2530 860 2534 ’
1001 2541 1005 2547 ’
1105 2529 1471 2656 Problema
1554 2569 1652 2700 29.

903 2757 977 2844 σο.
1008 2751 1053 2843 Si
1088 2775 1221 2845 ternae
1252 2763 1449 2870 cuiusque
1481 2757 1621 2870 puncti
1654 2757 1989 2868 celerioresue,

751 2904 793 2967 ut
842 2903 912 2990 per
960 2883 1183 2971 funttiones
1227 2885 1349 2973 solius
1397 2888 1597 2997 temporis
1645 2888 1986 2999 texprimantur,

750 3005 966 3118 explorate
997 3033 1144 3099 rtrum
1178 3013 1271 3102 talis
1309 3031 1448 3099 motus
1480 3016 1645 3100 exiliere
1684 3035 1802 3125 queat
1848 3037 1889 3101 et
1931 3021 1984 3103 lui

750 3134 898 3244 quibus
929 3143 1256 3248 conditionibus,
1293 3144 1395 3228 dum
1431 3139 1545 3227 fluidi
1579 3141 1755 3252 singulae
1780 3145 1985 3254 particulae

704 3311 708 3316 -
750 3282 775 3341 a
808 3261 960 3346 ritibus
991 3271 1294 3378 quibuscunque
1325 3268 1621 3372 sollicitantur,
1656 3292 1740 3356 turn
1771 3297 1984 3388 vetoqtea·

749 3379 903 3477 tionem
933 3413 1008 3505 per
1041 3414 1171 3485 toturn
1201 3395 1320 3484 fluidi
1352 3397 1521 3488 mallum
1551 3401 1800 3512 inuestigare.

1194 3635 1556 3761 Solutio.

892 3846 1055 3945 Eodem
1107 3877 1208 3964 ergo
1258 3867 1454 3972 temporis
1503 3857 1663 3966 instanti
1711 3865 1856 3952 omnia
1893 3859 1984 3950 fluidi

742 3973 948 4068 elementa
981 3984 1070 4092 pati
1104 4005 1221 4070 motu
1251 3991 1297 4072 in
1329 3994 1495 4077 eandem
1549 3993 1823 4082 directionem
1875 3999 1985 4082 femu-

744 4123 849 4213 tur,
895 4129 938 4194 ec
987 4130 1172 4220 tempore
1222 4113 1371 4202 fluente
1402 4121 1591 4205 omnibus
1623 4121 1801 4235 aequalis
1839 4125 1988 4212 mutatio

740 4259 843 4318 curn
874 4235 1092 4322 celeritatis
1120 4257 1211 4322 tum
1245 4244 1476 4331 directionis
1508 4247 1664 4334 ratione
1695 4254 1842 4338 induci
1876 4251 1990 4340 ssatu't·

741 4377 846 4483 terr
879 4362 982 4452 ande
1014 4389 1114 4454 curn
1147 4365 1305 4480 ungula
1337 4373 1454 4464 fluidi
1484 4375 1683 4470 elementa
1716 4385 1881 4472 eadem
1915 4403 1992 4493 per·

1886 4529 1996 4628 petuo
