4200 5617
608 136 614 174 l

347 405 786 539 nvsrnna'a
847 433 1191 558 srncrns.
1307 465 1402 572 aaa

135 672 236 763 celse
268 671 335 760 eil.
402 671 512 761 llaec
543 672 783 796 communis
814 673 893 760 sere
935 672 1129 765 omnium
1159 672 1404 767 animalium

142 829 257 890 mere
289 804 607 890 carniuorarum
643 807 853 908 conditio,
886 823 927 888 et
977 810 1173 890 omnium
1224 813 1406 896 maxime

138 932 370 1038 neceffiria3
403 957 498 1018 nam
532 936 570 1032 st⁴
595 933 661 1019 his
693 933 842 1016 tractus
868 929 1108 1018 intestinalis
1141 936 1240 1022 adeo
1259 937 1406 1046 longua

136 1065 323 1172 corporis
355 1060 656 1168 longitudinem
691 1060 821 1144 decies
851 1060 962 1170 saepe
995 1065 1206 1170 excedens,
1239 1085 1282 1152 et
1314 1065 1405 1154 ual-

136 1191 301 1278 uulosus
332 1215 524 1298 coccoque
555 1189 700 1274 ausina
728 1190 994 1300 contigisset,
1027 1210 1076 1274 ut
1125 1193 1405 1306 phytophagis

129 1322 339 1428 contigit,
369 1341 464 1404 caro
494 1322 686 1422 comesa,
717 1319 764 1402 ad
800 1321 1140 1430 putrefactionem
1176 1321 1294 1408 valde
1339 1328 1405 1410 in·

128 1451 316 1556 clinans,
348 1465 459 1532 certe
492 1453 544 1536 ob
573 1471 783 1536 remoram
818 1451 944 1534 nimir
961 1449 1201 1535 diuturnam
1237 1454 1403 1562 putrida

132 1581 319 1664 euaderet
352 1579 394 1660 in
440 1580 585 1691 primis
635 1581 749 1684 viis,
798 1595 841 1662 et
890 1579 1126 1684 sanguinem
1176 1581 1403 1667 acrimonia

135 1709 282 1794 nociua
316 1707 531 1792 imbueret
597 1706 878 1817 Plrytopbagia
911 1726 1055 1797 autem
1089 1706 1169 1794 ista
1208 1708 1405 1795 structura

131 1842 296 1950 optime
327 1840 542 1942 conuenit,
575 1835 863 1948 quiaplantae
898 1863 970 1922 nec
1007 1835 1121 1920 facile
1155 1841 1403 1947 putrescunt,

131 1992 209 2051 nec
243 1963 408 2050 facilen
452 1965 630 2074 partibus
678 1966 860 2049 nutritiis
911 1963 1170 2072 minantur,=
1210 1964 1308 2049 hinc
1349 1991 1401 2065 eo

131 2087 288 2178 diutius
317 2097 549 2180 retinendae
582 2096 705 2200 sunt,
739 2114 788 2178 ut
820 2095 964 2180 omnia
1017 2093 1180 2203 corpori
1229 2084 1405 2209 animali

132 2223 255 2307 utilia
271 2221 560 2328 extrahantur,
593 2242 637 2309 et
654 2221 898 2308 humoribus
917 2223 1166 2306 animalium
1186 2219 1405 2310 assimilen-

130 2369 233 2455 rur;
267 2348 372 2435 hanc
423 2351 476 2438 ob
525 2353 680 2437 causam
733 2353 784 2438 iis
830 2351 1018 2437 ualuulae
1068 2345 1310 2437 intellinalcs
1359 2372 1401 2437 et

127 2503 303 2566 coecum
340 2479 526 2564 maxime
562 2484 808 2568 conducunt.
839 2478 902 2566 lta
936 2481 1080 2564 omnia
1110 2477 1399 2593 saplentiffime

123 2609 223 2694 sunt
256 2609 457 2694 adornata.
522 2603 752 2722 Peregnsnae
784 2607 949 2720 exposui
992 2608 1101 2694 olera
1153 2621 1196 2692 et
1246 2633 1399 2720 panem

123 2739 194 2822 sed
238 2737 386 2822 intaeta
438 2733 639 2848 reliquit;
692 2765 763 2824 nec
815 2737 1099 2822 masticationis
1145 2758 1296 2842 organa
1345 2739 1397 2824 ad

128 2867 375 2975 vegetabilia
410 2868 656 2951 comedenda
685 2885 778 2976 apta
810 2851 938 2972 sunt,
971 2863 1070 2952 haee
1111 2863 1224 2950 enirn
1277 2862 1396 2952 motu

126 2997 325 3082 maxillae
358 2994 559 3080 inferioris
582 2991 735 3078 laterali
754 2995 995 3084 conterenda
1014 3011 1057 3076 et
1074 2993 1395 3107 comminuenda

121 3129 251 3232 sunt3
284 3121 483 3234 processus
516 3140 653 3208 autent
673 3117 966 3230 condyloideus
985 3120 1178 3208 maxillae
1196 3123 1395 3208 inferioris
1537 3197 1540 3208 .

120 3253 346 3364 peregusnae
376 3251 474 3337 adeo
504 3253 618 3336 arcte
653 3241 862 3363 respondet
894 3249 1008 3336 iollae
1037 3249 1250 3338 articulari
1302 3249 1394 3334 offis

131 3397 404 3490 temporum,
452 3399 501 3462 ut
552 3378 687 3463 nullus
738 3399 877 3463 motus
936 3377 1114 3465 lateralis
1163 3375 1393 3489 pollibilis3

125 3533 203 3595 nec
234 3505 464 3618 superficies
510 3505 733 3590 articularis
780 3527 872 3590 ante
919 3506 1060 3588 foliam
1111 3508 1248 3612 adest,
1295 3504 1392 3596 hinc

123 3659 205 3728 nec
238 3637 356 3721 valde
385 3633 522 3722 diduci
552 3633 709 3742 poliunt
744 3631 965 3734 maxillaer
999 3636 1138 3718 denter
1187 3653 1392 3744 praeterea

115 3787 273 3851 omnes
306 3766 354 3851 ad
387 3761 619 3876 plantarum
653 3779 787 3872 partes
816 3763 1076 3850 conterendas
1122 3761 1395 3876 ineptissimi,

120 3895 190 3980 sed
218 3893 267 3976 ad
303 3917 467 3979 carnem
501 3891 791 3975 dilacerandam
839 3911 884 3979 et
929 3895 1118 4000 praedam
1169 3893 1389 3980 necandam

115 4019 337 4132 aptissimi.
430 4015 637 4126 Gallinam
671 4021 813 4104 uiuam
845 4015 1023 4112 oblatam
1077 4039 1177 4103 mox
1224 4021 1391 4132 pedibus

118 4148 371 4262 prehendit,
401 4151 539 4234 dentes
571 4150 788 4270 senioribus
820 4145 994 4256 gallinae
1027 4145 1201 4256 infigens
1228 4167 1272 4234 et
1302 4152 1390 4237 san-
1450 4247 1455 4254 ‚
1506 4216 1510 4224 ,
1651 4120 1663 4132 ’

115 4284 299 4394 guinem
330 4279 441 4368 auide
470 4279 645 4407 sugeret
677 4279 814 4498 effla?
866 4299 1076 4396 nunquam
1106 4275 1290 4488 ‚palmisd
1321 4281 1389 4376 ori

839 4429 864 4513 a
1164 4457 1168 4467 -
1242 4428 1391 4494 amo·
