4200 5617
567 430 991 581 irenotata·
1261 434 1267 439 ’
1355 492 1411 579 n

151 690 387 807 superficie,
419 689 521 783 uliae
552 688 622 779 uel
653 716 795 781 omnes
824 688 901 805 ipsr
934 710 1204 805 congruentes
1232 692 1412 790 inueniri

148 825 349 933 poliunt,
377 825 485 938 quod
512 844 645 935 quum
676 819 871 907 latillrmo
898 822 1010 907 sensu
1041 824 1289 915 solutionem
1327 838 1411 918 non'

147 952 370 1073 admittat,
408 953 515 1039 culus
562 952 803 1065 praecipuos
852 950 1102 1038 solutionem
1153 949 1414 1047 admittentes

149 1078 350 1166 euoluere
381 1080 527 1167 Illustr.
561 1080 737 1167 Audtori
771 1079 906 1165 uisum
941 1081 995 1167 est
1074 1078 1126 1165 In
1158 1081 1411 1192 problemate

16 1222 24 1237 ·
148 1206 285 1315 igitur
315 1210 485 1321 primo,
513 1209 725 1321 postquam
756 1204 1000 1316 generaliter
1030 1211 1075 1297 in
1117 1230 1302 1300 naturam
1342 1239 1412 1304 ea·

146 1355 250 1421 rum
299 1336 602 1451 superficierum
651 1336 862 1448 inquifiuit
903 1362 1007 1449 quae
1055 1361 1153 1425 cum
1202 1336 1413 1454 superficie

145 1462 276 1579 plana
308 1468 534 1556 eddanum
566 1463 738 1581 planum
773 1464 909 1553 fixum
952 1487 1163 1582 ttcunque
1213 1469 1414 1559 inclinatu

148 1616 402 1705 congruunt,
433 1598 605 1685 ostendit
639 1620 719 1683 non
741 1597 868 1683 solum
905 1619 1050 1687 omnes
1067 1596 1417 1713 aliassuperficiet

148 1722 291 1834 planas
323 1726 372 1815 ad
404 1725 513 1813 buliu
547 1748 672 1841 aeque
705 1724 917 1819 inclinatas
947 1752 1043 1815 cum
1077 1726 1268 1845 primum
1316 1752 1416 1846 pro·

146 1848 280 1965 posita
318 1877 572 1963 congruere,
617 1856 680 1941 sed
729 1852 966 1967 superficies
1012 1881 1175 1971 quoque
1222 1858 1414 1963 conitar,

143 2003 329 2092 quarum
358 2009 453 2071 axes
498 1980 575 2073 buli
614 1984 1005 2097 perpendiculariter
1057 1986 1274 2095 inlidunt,
1319 2005 1415 2072 tum

145 2132 255 2197 vero
290 2110 516 2219 generalem
549 2123 591 2197 et
622 2111 960 2220 eleganrissimam
990 2113 1117 2201 rdfert
1150 2112 1417 2203 enumero·

144 2262 248 2323 nem
297 2264 373 2351 pro
421 2234 703 2354 superficiebus
746 2266 844 2329 cum
894 2240 1017 2351 plano
1061 2244 1411 2355 congruentibus,

146 2365 304 2451 scilicet
335 2367 367 2450 n
398 2370 442 2456 in
473 2364 599 2482 plano
628 2397 705 2484 pro
734 2370 812 2459 basr
844 2368 1053 2478 adsumto,
1081 2372 1189 2463 linea
1219 2370 1413 2460 curuaad
1478 2464 1486 2473 x

147 2494 330 2582 lubitum
364 2495 642 2603 describatur,
670 2516 714 2583 ct
742 2524 766 2583 a
797 2498 968 2605 singulis
1004 2501 1092 2585 ciue
1137 2502 1296 2613 punitis
1341 2500 1415 2584 du·

147 2641 297 2711 tantur
330 2622 459 2711 redire
488 2622 538 2706 ad
572 2646 740 2709 curuum
776 2622 1007 2729 normales,
1041 2626 1090 2707 ad
1123 2626 1240 2711 bafin'
1276 2644 1413 2711 autem

148 2750 396 2854 inclinatae,
429 2747 498 2833 sub
526 2750 669 2834 endem
703 2746 879 2856 angulo,
911 2770 996 2861 quo
1027 2748 1255 2861 luperficicc
1289 2749 1409 2863 plana
1529 2780 1532 2784 ’

147 2876 352 2991 proposita
383 2876 636 2987 inclinatur,
664 2900 805 2962 omncs
838 2873 914 2960 hae
963 2878 1097 2965 rectae
1129 2898 1269 2985 totae,
1317 2878 1413 2963 fitne

147 3025 271 3095 erunt
305 3008 347 3089 in
378 3001 585 3119 superficie
617 3022 882 3115 congruente.
914 3010 964 3092 In
994 3002 1161 3114 reliquis
1202 3008 1415 3116 insequen-

149 3136 257 3222 tibus
288 3136 608 3223 Problematibus
640 3138 746 3224 casus
779 3135 992 3245 aliquanto
1022 3132 1276 3219 difficiliores
1314 3160 1416 3218 con·

146 3264 402 3374 riderentur,
432 3264 504 3352 rbi
536 3265 717 3371 quidem
737 3267 891 3377 partim
923 3258 1098 3369 insignes
1138 3261 1232 3347 istae
1277 3261 1413 3347 subili-

1 3412 3 3427 ·
148 3393 367 3493 turinnes,
401 3394 546 3505 quibus
578 3392 730 3480 illustr.
765 3389 928 3476 Antioc
957 3376 1050 3473 isus
1081 3389 1213 3476 estad
1245 3388 1412 3475 solutio·

149 3542 221 3603 nes
248 3518 541 3624 inueniendas,
572 3521 723 3628 partim
756 3520 877 3597 etiam
912 3514 1113 3619 elegantes
1146 3518 1411 3603 construfiio·

150 3668 249 3751 nes,
283 3665 384 3755 quae
417 3644 508 3726 inde
542 3646 748 3729 derinatae
781 3641 905 3743 sunt,
940 3636 1179 3749 fingularem
1211 3646 1410 3751 analysta·

149 3798 249 3858 rum
285 3789 494 3856 merentur
527 3770 807 3858 attentionem.
847 3768 896 3854 ln
945 3766 1215 3865 Problemare,
1238 3777 1410 3861 demum

152 3906 312 4013 quinto,
338 3924 405 3987 eae
430 3922 681 4011 quaeruntur
710 3894 973 4009 superficies,
1006 3922 1105 4012 quae
1136 3924 1234 3983 cum
1266 3901 1410 4009 sphae-

153 4033 234 4115 rica
265 4048 532 4137 congruunt,
563 4028 634 4115 etsi
685 4050 824 4113 aurem
871 4027 1119 4113 solutionem
1171 4028 1411 4115 difficillimi

153 4156 276 4261 huius
306 4155 562 4265 problematis
592 4154 744 4241 Illullr.
780 4155 951 4244 Auelori
984 4179 1124 4240 eruere
1142 4154 1327 4262 li'cuerit3
1358 4182 1413 4245 ex

152 4310 202 4369 ea
238 4302 370 4367 tamen
407 4286 481 4369 uix
512 4281 643 4393 aliqua
676 4284 900 4397 luperficics
947 4278 1137 4395 simplior
1187 4275 1412 4396 sphaericae

220 4410 764 4503 Tom.XlV.Nou.Comm.
954 4436 978 4497 c
1313 4437 1413 4526 com,
