<?xml version="1.0" encoding="UTF-8"?>
<!DOCTYPE html PUBLIC "-//W3C//DTD XHTML 1.0 Transitional//EN"
    "http://www.w3.org/TR/xhtml1/DTD/xhtml1-transitional.dtd">
<html xmlns="http://www.w3.org/1999/xhtml" xml:lang="en" lang="en">
 <head>
  <title>
</title>
<meta http-equiv="Content-Type" content="text/html;charset=utf-8" />
  <meta name='ocr-system' content='tesseract 3.04.00' />
  <meta name='ocr-capabilities' content='ocr_page ocr_carea ocr_par ocr_line ocrx_word'/>
</head>
<body>
  <div class='ocr_page' id='page_1' title='image "./novicommentarii05sssrgoog_0038.png"; bbox 0 0 4200 5617; ppageno 0'>
   <div class='ocr_carea' id='block_1_1' title="bbox 654 512 1552 642">
    <p class='ocr_par' dir='ltr' id='par_1_1' title="bbox 654 512 1552 642">
     <span class='ocr_line' id='line_1_1' title="bbox 654 512 1552 642; baseline -0.022 0"><span class='ocrx_word' id='word_1_1' title='bbox 654 554 714 642; x_wconf 77' lang='lat' dir='ltr'>co</span> <span class='ocrx_word' id='word_1_2' title='bbox 1077 518 1194 627; x_wconf 64' lang='lat' dir='ltr'>»ni</span> <span class='ocrx_word' id='word_1_3' title='bbox 1224 513 1242 635; x_wconf 91' lang='lat' dir='ltr'>l</span> <span class='ocrx_word' id='word_1_4' title='bbox 1276 544 1304 605; x_wconf 82' lang='lat'><em>0</em></span> <span class='ocrx_word' id='word_1_5' title='bbox 1338 512 1354 631; x_wconf 89' lang='lat' dir='ltr'>l</span> <span class='ocrx_word' id='word_1_6' title='bbox 1385 514 1502 623; x_wconf 55' lang='lat' dir='ltr'>ltere·</span> <span class='ocrx_word' id='word_1_7' title='bbox 1548 512 1552 519; x_wconf 84' lang='grc'><strong>’</strong></span> 
     </span>
    </p>
   </div>
   <div class='ocr_carea' id='block_1_2' title="bbox 654 741 1925 1377">
    <p class='ocr_par' dir='ltr' id='par_1_2' title="bbox 654 741 1924 1377">
     <span class='ocr_line' id='line_1_2' title="bbox 658 741 1923 849; baseline -0.006 0"><span class='ocrx_word' id='word_1_8' title='bbox 658 758 804 849; x_wconf 88' lang='lat' dir='ltr'>habere</span> <span class='ocrx_word' id='word_1_9' title='bbox 840 744 985 839; x_wconf 75' lang='lat' dir='ltr'>necesse</span> <span class='ocrx_word' id='word_1_10' title='bbox 1017 747 1081 835; x_wconf 89' lang='lat' dir='ltr'>lit.</span> <span class='ocrx_word' id='word_1_11' title='bbox 1145 748 1183 831; x_wconf 89' lang='grc' dir='ltr'><strong>Τ</strong></span> <span class='ocrx_word' id='word_1_12' title='bbox 1187 772 1260 833; x_wconf 88' lang='lat' dir='ltr'>um</span> <span class='ocrx_word' id='word_1_13' title='bbox 1293 774 1398 835; x_wconf 83' lang='lat' dir='ltr'>vero</span> <span class='ocrx_word' id='word_1_14' title='bbox 1428 768 1472 831; x_wconf 89' lang='lat' dir='ltr'>et</span> <span class='ocrx_word' id='word_1_15' title='bbox 1500 745 1577 835; x_wconf 88' lang='lat' dir='ltr'>hoc</span> <span class='ocrx_word' id='word_1_16' title='bbox 1610 749 1743 837; x_wconf 87' lang='lat' dir='ltr'>notari</span> <span class='ocrx_word' id='word_1_17' title='bbox 1790 741 1923 841; x_wconf 59' lang='lat' dir='ltr'>mere?</span> 
     </span>
     <span class='ocr_line' id='line_1_3' title="bbox 657 879 1923 993; baseline -0.004 -20"><span class='ocrx_word' id='word_1_18' title='bbox 657 910 725 973; x_wconf 90' lang='lat' dir='ltr'>tut</span> <span class='ocrx_word' id='word_1_19' title='bbox 763 913 785 968; x_wconf 80' lang='lat' dir='ltr'>a</span> <span class='ocrx_word' id='word_1_20' title='bbox 820 880 998 991; x_wconf 71' lang='lat' dir='ltr'>simplici</span> <span class='ocrx_word' id='word_1_21' title='bbox 1033 879 1245 989; x_wconf 84' lang='lat' dir='ltr'>potentin,</span> <span class='ocrx_word' id='word_1_22' title='bbox 1282 881 1492 993; x_wconf 84' lang='lat' dir='ltr'><strong>duplicem</strong></span> <span class='ocrx_word' id='word_1_23' title='bbox 1539 905 1705 988; x_wconf 73' lang='lat' dir='ltr'>corpori</span> <span class='ocrx_word' id='word_1_24' title='bbox 1755 903 1923 968; x_wconf 85' lang='lat' dir='ltr'>motum</span> 
     </span>
     <span class='ocr_line' id='line_1_4' title="bbox 654 1005 1924 1122; baseline -0.006 -18"><span class='ocrx_word' id='word_1_25' title='bbox 654 1014 791 1103; x_wconf 91' lang='lat' dir='ltr'>induci</span> <span class='ocrx_word' id='word_1_26' title='bbox 826 1013 1005 1096; x_wconf 87' lang='lat' dir='ltr'>alterum</span> <span class='ocrx_word' id='word_1_27' title='bbox 1038 1028 1323 1114; x_wconf 79' lang='lat' dir='ltr'>rotatonum,</span> <span class='ocrx_word' id='word_1_28' title='bbox 1362 1008 1543 1097; x_wconf 87' lang='lat' dir='ltr'>alterum</span> <span class='ocrx_word' id='word_1_29' title='bbox 1592 1005 1924 1122; x_wconf 78' lang='lat' dir='ltr'>progrellluum,</span> 
     </span>
     <span class='ocr_line' id='line_1_5' title="bbox 655 1134 1925 1259; baseline -0.005 -30"><span class='ocrx_word' id='word_1_30' title='bbox 655 1172 734 1259; x_wconf 91' lang='lat' dir='ltr'>pto</span> <span class='ocrx_word' id='word_1_31' title='bbox 764 1158 933 1248; x_wconf 83' lang='lat' dir='ltr'>utroque</span> <span class='ocrx_word' id='word_1_32' title='bbox 967 1154 1086 1221; x_wconf 89' lang='lat' dir='ltr'>motu</span> <span class='ocrx_word' id='word_1_33' title='bbox 1120 1156 1262 1219; x_wconf 86' lang='lat' dir='ltr'>autem</span> <span class='ocrx_word' id='word_1_34' title='bbox 1293 1134 1523 1225; x_wconf 85' lang='lat' dir='ltr'>definiendo</span> <span class='ocrx_word' id='word_1_35' title='bbox 1552 1138 1773 1248; x_wconf 82' lang='lat' dir='ltr'>fingulares</span> <span class='ocrx_word' id='word_1_36' title='bbox 1795 1140 1925 1228; x_wconf 89' lang='lat' dir='ltr'>obser-</span> 
     </span>
     <span class='ocr_line' id='line_1_6' title="bbox 655 1263 1671 1377; baseline -0.016 -15.496"><span class='ocrx_word' id='word_1_37' title='bbox 655 1273 802 1361; x_wconf 74' lang='lat' dir='ltr'>vandas</span> <span class='ocrx_word' id='word_1_38' title='bbox 840 1266 916 1357; x_wconf 82' lang='lat' dir='ltr'>elle</span> <span class='ocrx_word' id='word_1_39' title='bbox 947 1263 1125 1377; x_wconf 85' lang='lat' dir='ltr'>regulas.</span> <span class='ocrx_word' id='word_1_40' title='bbox 1647 1285 1671 1309; x_wconf 88' lang='grc'><em>·</em></span> 
     </span>
    </p>
   </div>
   <div class='ocr_carea' id='block_1_3' title="bbox 660 1516 1932 2412">
    <p class='ocr_par' dir='ltr' id='par_1_3' title="bbox 660 1516 1932 2412">
     <span class='ocr_line' id='line_1_7' title="bbox 810 1516 1928 1637; baseline -0.004 -22"><span class='ocrx_word' id='word_1_41' title='bbox 810 1521 933 1615; x_wconf 86' lang='lat' dir='ltr'>Casus</span> <span class='ocrx_word' id='word_1_42' title='bbox 966 1516 1312 1635; x_wconf 82' lang='lat' dir='ltr'>fimpliciffimus,</span> <span class='ocrx_word' id='word_1_43' title='bbox 1339 1548 1463 1634; x_wconf 88' lang='lat' dir='ltr'>quem</span> <span class='ocrx_word' id='word_1_44' title='bbox 1496 1521 1587 1611; x_wconf 89' lang='lat' dir='ltr'>heic</span> <span class='ocrx_word' id='word_1_45' title='bbox 1613 1524 1928 1637; x_wconf 73' lang='lat' dir='ltr'>considerationi</span> 
     </span>
     <span class='ocr_line' id='line_1_8' title="bbox 664 1653 1928 1768; baseline -0.009 -21"><span class='ocrx_word' id='word_1_46' title='bbox 664 1658 831 1747; x_wconf 85' lang='lat' dir='ltr'>subiecit</span> <span class='ocrx_word' id='word_1_47' title='bbox 863 1653 1014 1764; x_wconf 87' lang='lat' dir='ltr'>lllussr,</span> <span class='ocrx_word' id='word_1_48' title='bbox 1048 1654 1245 1761; x_wconf 70' lang='lat' dir='ltr'>Aulion,</span> <span class='ocrx_word' id='word_1_49' title='bbox 1277 1655 1310 1736; x_wconf 88' lang='lat' dir='ltr'>is</span> <span class='ocrx_word' id='word_1_50' title='bbox 1339 1658 1432 1761; x_wconf 82' lang='lat' dir='ltr'>eli,</span> <span class='ocrx_word' id='word_1_51' title='bbox 1477 1679 1561 1764; x_wconf 92' lang='lat' dir='ltr'>quo</span> <span class='ocrx_word' id='word_1_52' title='bbox 1608 1658 1774 1768; x_wconf 85' lang='lat' dir='ltr'>corpori</span> <span class='ocrx_word' id='word_1_53' title='bbox 1826 1654 1928 1739; x_wconf 85' lang='lat' dir='ltr'>fim-</span> 
     </span>
     <span class='ocr_line' id='line_1_9' title="bbox 660 1782 1929 1919; baseline 0 -50"><span class='ocrx_word' id='word_1_54' title='bbox 660 1784 793 1899; x_wconf 84' lang='lat' dir='ltr'><strong>plici,</strong></span> <span class='ocrx_word' id='word_1_55' title='bbox 823 1786 936 1871; x_wconf 81' lang='lat' dir='ltr'>cuiut</span> <span class='ocrx_word' id='word_1_56' title='bbox 968 1782 1125 1905; x_wconf 83' lang='lat' dir='ltr'>lingula</span> <span class='ocrx_word' id='word_1_57' title='bbox 1156 1782 1358 1869; x_wconf 84' lang='lat' dir='ltr'>elementa</span> <span class='ocrx_word' id='word_1_58' title='bbox 1400 1796 1518 1870; x_wconf 81' lang='lat' dir='ltr'>mutu</span> <span class='ocrx_word' id='word_1_59' title='bbox 1562 1787 1777 1873; x_wconf 91' lang='lat' dir='ltr'>communi</span> <span class='ocrx_word' id='word_1_60' title='bbox 1826 1810 1929 1919; x_wconf 89' lang='lat' dir='ltr'>pro·</span> 
     </span>
     <span class='ocr_line' id='line_1_10' title="bbox 662 1911 1927 2025; baseline -0.004 -24"><span class='ocrx_word' id='word_1_61' title='bbox 662 1919 761 2001; x_wconf 83' lang='lat' dir='ltr'>ferri</span> <span class='ocrx_word' id='word_1_62' title='bbox 795 1918 1037 2020; x_wconf 85' lang='lat' dir='ltr'>censentur,</span> <span class='ocrx_word' id='word_1_63' title='bbox 1087 1916 1192 1999; x_wconf 84' lang='lat' dir='ltr'>duae</span> <span class='ocrx_word' id='word_1_64' title='bbox 1258 1912 1518 2025; x_wconf 78' lang='lat' dir='ltr'>applicantur</span> <span class='ocrx_word' id='word_1_65' title='bbox 1568 1920 1784 2025; x_wconf 85' lang='lat' dir='ltr'>potentiae.</span> <span class='ocrx_word' id='word_1_66' title='bbox 1882 1911 1927 1999; x_wconf 86' lang='lat' dir='ltr'>si</span> 
     </span>
     <span class='ocr_line' id='line_1_11' title="bbox 660 2024 1929 2157; baseline -0.007 -28"><span class='ocrx_word' id='word_1_67' title='bbox 660 2046 812 2133; x_wconf 75' lang='lat' dir='ltr'>uincet</span> <span class='ocrx_word' id='word_1_68' title='bbox 846 2024 967 2155; x_wconf 73' lang='lat' dir='ltr'>piano</span> <span class='ocrx_word' id='word_1_69' title='bbox 998 2039 1248 2129; x_wconf 84' lang='lat' dir='ltr'>horizontali</span> <span class='ocrx_word' id='word_1_70' title='bbox 1282 2043 1513 2129; x_wconf 84' lang='lat' dir='ltr'>incumbere</span> <span class='ocrx_word' id='word_1_71' title='bbox 1544 2048 1799 2157; x_wconf 84' lang='lat' dir='ltr'>concipiatur</span> <span class='ocrx_word' id='word_1_72' title='bbox 1824 2042 1929 2125; x_wconf 83' lang='lat' dir='ltr'>eius-</span> 
     </span>
     <span class='ocr_line' id='line_1_12' title="bbox 662 2168 1932 2286; baseline -0.008 -27"><span class='ocrx_word' id='word_1_73' title='bbox 662 2175 781 2259; x_wconf 90' lang='lat' dir='ltr'>modi</span> <span class='ocrx_word' id='word_1_74' title='bbox 815 2194 961 2283; x_wconf 86' lang='lat' dir='ltr'>corpus</span> <span class='ocrx_word' id='word_1_75' title='bbox 993 2168 1184 2284; x_wconf 81' lang='lat' dir='ltr'>iimplex,</span> <span class='ocrx_word' id='word_1_76' title='bbox 1215 2169 1331 2281; x_wconf 88' lang='lat' dir='ltr'>eique</span> <span class='ocrx_word' id='word_1_77' title='bbox 1365 2173 1596 2285; x_wconf 82' lang='lat' dir='ltr'>applicetur</span> <span class='ocrx_word' id='word_1_78' title='bbox 1630 2177 1809 2286; x_wconf 87' lang='lat' dir='ltr'>potentia</span> <span class='ocrx_word' id='word_1_79' title='bbox 1839 2192 1932 2253; x_wconf 84' lang='lat' dir='ltr'>tan·</span> 
     </span>
     <span class='ocr_line' id='line_1_13' title="bbox 663 2296 1932 2412; baseline -0.005 -27"><span class='ocrx_word' id='word_1_80' title='bbox 663 2322 703 2385; x_wconf 83' lang='lat' dir='ltr'>tn</span> <span class='ocrx_word' id='word_1_81' title='bbox 734 2365 746 2407; x_wconf 90' lang='lat'>,</span> <span class='ocrx_word' id='word_1_82' title='bbox 773 2322 874 2409; x_wconf 82' lang='lat' dir='ltr'>quae</span> <span class='ocrx_word' id='word_1_83' title='bbox 912 2296 1145 2385; x_wconf 73' lang='lat' dir='ltr'>frictionem</span> <span class='ocrx_word' id='word_1_84' title='bbox 1198 2302 1284 2386; x_wconf 85' lang='lat' dir='ltr'>eius</span> <span class='ocrx_word' id='word_1_85' title='bbox 1330 2298 1513 2412; x_wconf 76' lang='lat' dir='ltr'>superare</span> <span class='ocrx_word' id='word_1_86' title='bbox 1539 2301 1703 2408; x_wconf 83' lang='lat' dir='ltr'>ualeat,</span> <span class='ocrx_word' id='word_1_87' title='bbox 1735 2304 1832 2403; x_wconf 80' lang='lat' dir='ltr'>adeo</span> <span class='ocrx_word' id='word_1_88' title='bbox 1883 2310 1932 2380; x_wconf 80' lang='lat' dir='ltr'>rt</span> 
     </span>
    </p>
   </div>
   <div class='ocr_carea' id='block_1_4' title="bbox 540 2426 1933 2539">
    <p class='ocr_par' dir='ltr' id='par_1_4' title="bbox 540 2426 1933 2539">
     <span class='ocr_line' id='line_1_14' title="bbox 540 2426 1933 2539; baseline -0.006 -24"><span class='ocrx_word' id='word_1_89' title='bbox 540 2504 545 2515; x_wconf 94' lang='lat'><strong>.</strong></span> <span class='ocrx_word' id='word_1_90' title='bbox 664 2450 814 2539; x_wconf 83' lang='lat' dir='ltr'>corpus</span> <span class='ocrx_word' id='word_1_91' title='bbox 849 2444 1014 2511; x_wconf 89' lang='lat' dir='ltr'>motum</span> <span class='ocrx_word' id='word_1_92' title='bbox 1046 2426 1316 2515; x_wconf 72' lang='lat' dir='ltr'>dirtllionetn</span> <span class='ocrx_word' id='word_1_93' title='bbox 1344 2429 1466 2515; x_wconf 79' lang='lat' dir='ltr'>huius</span> <span class='ocrx_word' id='word_1_94' title='bbox 1499 2432 1699 2539; x_wconf 81' lang='lat' dir='ltr'>potentiae</span> <span class='ocrx_word' id='word_1_95' title='bbox 1731 2428 1933 2539; x_wconf 83' lang='lat' dir='ltr'>sequamr,</span> 
     </span>
    </p>
   </div>
   <div class='ocr_carea' id='block_1_5' title="bbox 623 2553 2015 4325">
    <p class='ocr_par' dir='ltr' id='par_1_5' title="bbox 623 2553 2015 4325">
     <span class='ocr_line' id='line_1_15' title="bbox 666 2553 1931 2665; baseline -0.002 -26"><span class='ocrx_word' id='word_1_96' title='bbox 666 2572 710 2639; x_wconf 89' lang='lat' dir='ltr'>tu</span> <span class='ocrx_word' id='word_1_97' title='bbox 724 2580 766 2639; x_wconf 90' lang='lat' dir='ltr'>m</span> <span class='ocrx_word' id='word_1_98' title='bbox 786 2580 887 2639; x_wconf 84' lang='lat' dir='ltr'>uero</span> <span class='ocrx_word' id='word_1_99' title='bbox 908 2557 1166 2661; x_wconf 84' lang='lat' dir='ltr'>luperuenite</span> <span class='ocrx_word' id='word_1_100' title='bbox 1184 2576 1352 2659; x_wconf 88' lang='lat' dir='ltr'>putetur</span> <span class='ocrx_word' id='word_1_101' title='bbox 1372 2553 1448 2637; x_wconf 66' lang='lat' dir='ltr'>alta</span> <span class='ocrx_word' id='word_1_102' title='bbox 1468 2556 1656 2665; x_wconf 82' lang='lat' dir='ltr'>potentin</span> <span class='ocrx_word' id='word_1_103' title='bbox 1690 2557 1803 2639; x_wconf 88' lang='lat' dir='ltr'>cuius</span> <span class='ocrx_word' id='word_1_104' title='bbox 1822 2554 1931 2639; x_wconf 53' lang='lat' dir='ltr'>dire*</span> 
     </span>
     <span class='ocr_line' id='line_1_16' title="bbox 667 2678 1934 2789; baseline 0 -24"><span class='ocrx_word' id='word_1_105' title='bbox 667 2682 752 2771; x_wconf 68' lang='lat' dir='ltr'>(lio</span> <span class='ocrx_word' id='word_1_106' title='bbox 770 2682 817 2763; x_wconf 84' lang='lat' dir='ltr'>ad</span> <span class='ocrx_word' id='word_1_107' title='bbox 838 2683 1017 2789; x_wconf 86' lang='lat' dir='ltr'>priorem</span> <span class='ocrx_word' id='word_1_108' title='bbox 1038 2679 1089 2761; x_wconf 81' lang='lat' dir='ltr'>stt</span> <span class='ocrx_word' id='word_1_109' title='bbox 1109 2680 1460 2787; x_wconf 72' lang='lat' dir='ltr'>perpendiculariS,</span> <span class='ocrx_word' id='word_1_110' title='bbox 1491 2706 1593 2787; x_wconf 86' lang='lat' dir='ltr'>quae</span> <span class='ocrx_word' id='word_1_111' title='bbox 1610 2701 1747 2771; x_wconf 87' lang='lat' dir='ltr'>autem</span> <span class='ocrx_word' id='word_1_112' title='bbox 1765 2678 1934 2767; x_wconf 79' lang='lat' dir='ltr'>inteni-</span> 
     </span>
     <span class='ocr_line' id='line_1_17' title="bbox 666 2804 1935 2924; baseline 0 -31"><span class='ocrx_word' id='word_1_113' title='bbox 666 2828 748 2893; x_wconf 88' lang='lat' dir='ltr'>tate</span> <span class='ocrx_word' id='word_1_114' title='bbox 767 2808 897 2917; x_wconf 90' lang='lat' dir='ltr'>priori</span> <span class='ocrx_word' id='word_1_115' title='bbox 914 2804 1040 2917; x_wconf 77' lang='lat' dir='ltr'>cedat,</span> <span class='ocrx_word' id='word_1_116' title='bbox 1056 2805 1266 2915; x_wconf 85' lang='lat' dir='ltr'>quaeritur</span> <span class='ocrx_word' id='word_1_117' title='bbox 1285 2829 1485 2924; x_wconf 78' lang='lat' dir='ltr'>quaenam</span> <span class='ocrx_word' id='word_1_118' title='bbox 1503 2812 1653 2923; x_wconf 15' lang='lat' dir='ltr'>indetin</span> <span class='ocrx_word' id='word_1_119' title='bbox 1674 2832 1792 2897; x_wconf 89' lang='lat' dir='ltr'>motu</span> <span class='ocrx_word' id='word_1_120' title='bbox 1808 2832 1935 2921; x_wconf 86' lang='lat' dir='ltr'>corpo</span> 
     </span>
     <span class='ocr_line' id='line_1_18' title="bbox 669 2926 1934 3049; baseline -0.002 -26"><span class='ocrx_word' id='word_1_121' title='bbox 669 2938 726 3023; x_wconf 80' lang='lat' dir='ltr'>ris</span> <span class='ocrx_word' id='word_1_122' title='bbox 747 2937 911 3021; x_wconf 85' lang='lat' dir='ltr'>oriatur</span> <span class='ocrx_word' id='word_1_123' title='bbox 930 2926 1135 3020; x_wconf 73' lang='lat' dir='ltr'>mutatio?</span> <span class='ocrx_word' id='word_1_124' title='bbox 1170 2933 1285 3019; x_wconf 86' lang='lat' dir='ltr'>Licet</span> <span class='ocrx_word' id='word_1_125' title='bbox 1301 2935 1416 3017; x_wconf 84' lang='lat' dir='ltr'>enim</span> <span class='ocrx_word' id='word_1_126' title='bbox 1434 2961 1514 3020; x_wconf 92' lang='lat' dir='ltr'>non</span> <span class='ocrx_word' id='word_1_127' title='bbox 1532 2938 1689 3044; x_wconf 85' lang='lat' dir='ltr'>desunt,</span> <span class='ocrx_word' id='word_1_128' title='bbox 1705 2941 1779 3049; x_wconf 89' lang='lat' dir='ltr'>qui</span> <span class='ocrx_word' id='word_1_129' title='bbox 1793 2939 1934 3024; x_wconf 77' lang='lat' dir='ltr'>exilii-</span> 
     </span>
     <span class='ocr_line' id='line_1_19' title="bbox 669 3062 1937 3177; baseline 0 -24"><span class='ocrx_word' id='word_1_130' title='bbox 669 3084 818 3172; x_wconf 91' lang='lat' dir='ltr'>ment,</span> <span class='ocrx_word' id='word_1_131' title='bbox 847 3068 990 3149; x_wconf 85' lang='lat' dir='ltr'>omnin</span> <span class='ocrx_word' id='word_1_132' title='bbox 1024 3064 1069 3148; x_wconf 93' lang='lat' dir='ltr'>in</span> <span class='ocrx_word' id='word_1_133' title='bbox 1106 3062 1210 3147; x_wconf 86' lang='lat' dir='ltr'>statu</span> <span class='ocrx_word' id='word_1_134' title='bbox 1264 3064 1429 3173; x_wconf 89' lang='lat' dir='ltr'>prillino</span> <span class='ocrx_word' id='word_1_135' title='bbox 1474 3071 1770 3177; x_wconf 84' lang='lat' dir='ltr'>permansura,</span> <span class='ocrx_word' id='word_1_136' title='bbox 1801 3091 1845 3153; x_wconf 89' lang='lat' dir='ltr'>re</span> <span class='ocrx_word' id='word_1_137' title='bbox 1877 3086 1937 3153; x_wconf 83' lang='lat' dir='ltr'>tu·</span> 
     </span>
     <span class='ocr_line' id='line_1_20' title="bbox 623 3186 2015 3303; baseline 0.002 -28"><span class='ocrx_word' id='word_1_138' title='bbox 623 3186 630 3197; x_wconf 83' lang='grc'><strong>’</strong></span> <span class='ocrx_word' id='word_1_139' title='bbox 671 3216 767 3277; x_wconf 91' lang='lat' dir='ltr'>men</span> <span class='ocrx_word' id='word_1_140' title='bbox 819 3193 1044 3281; x_wconf 80' lang='lat' dir='ltr'>accuratius</span> <span class='ocrx_word' id='word_1_141' title='bbox 1079 3191 1268 3302; x_wconf 87' lang='lat' dir='ltr'>perpensa</span> <span class='ocrx_word' id='word_1_142' title='bbox 1301 3192 1515 3277; x_wconf 79' lang='lat' dir='ltr'>inuenitur</span> <span class='ocrx_word' id='word_1_143' title='bbox 1544 3219 1692 3303; x_wconf 85' lang='lat' dir='ltr'>corpus</span> <span class='ocrx_word' id='word_1_144' title='bbox 1724 3198 1808 3281; x_wconf 88' lang='lat' dir='ltr'>iam</span> <span class='ocrx_word' id='word_1_145' title='bbox 1842 3220 1938 3280; x_wconf 90' lang='lat' dir='ltr'>mo·</span> <span class='ocrx_word' id='word_1_146' title='bbox 2012 3198 2015 3201; x_wconf 78' lang='grc'><strong>’</strong></span> 
     </span>
     <span class='ocr_line' id='line_1_21' title="bbox 668 3320 1938 3431; baseline -0.001 -24"><span class='ocrx_word' id='word_1_147' title='bbox 668 3338 763 3407; x_wconf 87' lang='lat' dir='ltr'>tum</span> <span class='ocrx_word' id='word_1_148' title='bbox 798 3320 915 3406; x_wconf 86' lang='lat' dir='ltr'>suum</span> <span class='ocrx_word' id='word_1_149' title='bbox 950 3324 1274 3431; x_wconf 89' lang='lat' dir='ltr'>prosecuturum,</span> <span class='ocrx_word' id='word_1_150' title='bbox 1304 3320 1801 3411; x_wconf 70' lang='lat' dir='ltr'>secundumdirceiionem</span> <span class='ocrx_word' id='word_1_151' title='bbox 1829 3324 1938 3407; x_wconf 85' lang='lat' dir='ltr'>inter</span> 
     </span>
     <span class='ocr_line' id='line_1_22' title="bbox 673 3448 1991 3561; baseline -0.004 -23"><span class='ocrx_word' id='word_1_152' title='bbox 673 3448 914 3538; x_wconf 69' lang='lat' dir='ltr'>directiones</span> <span class='ocrx_word' id='word_1_153' title='bbox 950 3448 1226 3559; x_wconf 79' lang='lat' dir='ltr'>potentiorum</span> <span class='ocrx_word' id='word_1_154' title='bbox 1259 3450 1474 3553; x_wconf 82' lang='lat' dir='ltr'>mediam,</span> <span class='ocrx_word' id='word_1_155' title='bbox 1509 3454 1549 3535; x_wconf 92' lang='lat' dir='ltr'>id</span> <span class='ocrx_word' id='word_1_156' title='bbox 1581 3454 1701 3561; x_wconf 89' lang='lat' dir='ltr'>quod.</span> <span class='ocrx_word' id='word_1_157' title='bbox 1736 3450 1939 3536; x_wconf 88' lang='lat' dir='ltr'>facillimo</span> <span class='ocrx_word' id='word_1_158' title='bbox 1988 3467 1991 3472; x_wconf 87' lang='grc'><strong>’</strong></span> 
     </span>
     <span class='ocr_line' id='line_1_23' title="bbox 673 3576 1938 3688; baseline -0.001 -26"><span class='ocrx_word' id='word_1_159' title='bbox 673 3577 751 3662; x_wconf 89' lang='lat' dir='ltr'>hoc</span> <span class='ocrx_word' id='word_1_160' title='bbox 782 3579 1065 3688; x_wconf 84' lang='lat' dir='ltr'>experimento</span> <span class='ocrx_word' id='word_1_161' title='bbox 1094 3578 1247 3681; x_wconf 77' lang='lat' dir='ltr'>abunde</span> <span class='ocrx_word' id='word_1_162' title='bbox 1278 3576 1578 3663; x_wconf 72' lang='lat' dir='ltr'>confirmatore</span> <span class='ocrx_word' id='word_1_163' title='bbox 1622 3577 1667 3667; x_wconf 87' lang='lat' dir='ltr'>Si</span> <span class='ocrx_word' id='word_1_164' title='bbox 1698 3580 1744 3660; x_wconf 92' lang='lat' dir='ltr'>in</span> <span class='ocrx_word' id='word_1_165' title='bbox 1805 3576 1938 3661; x_wconf 75' lang='lat' dir='ltr'>rabula</span> 
     </span>
     <span class='ocr_line' id='line_1_24' title="bbox 674 3700 1940 3807; baseline -0.002 -16"><span class='ocrx_word' id='word_1_166' title='bbox 674 3708 723 3791; x_wconf 83' lang='lat' dir='ltr'>ad</span> <span class='ocrx_word' id='word_1_167' title='bbox 774 3702 1036 3793; x_wconf 86' lang='lat' dir='ltr'>horizontem</span> <span class='ocrx_word' id='word_1_168' title='bbox 1089 3702 1344 3806; x_wconf 80' lang='lat' dir='ltr'>aliquantum</span> <span class='ocrx_word' id='word_1_169' title='bbox 1393 3702 1624 3797; x_wconf 85' lang='lat' dir='ltr'>inclinata,</span> <span class='ocrx_word' id='word_1_170' title='bbox 1677 3700 1940 3807; x_wconf 85' lang='lat' dir='ltr'>protrahatur</span> 
     </span>
     <span class='ocr_line' id='line_1_25' title="bbox 647 3822 1941 3941; baseline -0.003 -21"><span class='ocrx_word' id='word_1_171' title='bbox 647 3847 821 3941; x_wconf 87' lang='lat' dir='ltr'>‘corpus</span> <span class='ocrx_word' id='word_1_172' title='bbox 853 3828 1072 3915; x_wconf 86' lang='lat' dir='ltr'>seeundum</span> <span class='ocrx_word' id='word_1_173' title='bbox 1123 3825 1425 3927; x_wconf 78' lang='lat' dir='ltr'>direuionem,</span> <span class='ocrx_word' id='word_1_174' title='bbox 1472 3822 1728 3913; x_wconf 75' lang='lat' dir='ltr'>inclinationi</span> <span class='ocrx_word' id='word_1_175' title='bbox 1782 3833 1941 3916; x_wconf 82' lang='lat' dir='ltr'>tabulae</span> 
     </span>
     <span class='ocr_line' id='line_1_26' title="bbox 676 3951 1943 4074; baseline 0.001 -29"><span class='ocrx_word' id='word_1_176' title='bbox 676 3981 719 4046; x_wconf 89' lang='lat' dir='ltr'>et</span> <span class='ocrx_word' id='word_1_177' title='bbox 749 3958 871 4067; x_wconf 87' lang='lat' dir='ltr'>plano</span> <span class='ocrx_word' id='word_1_178' title='bbox 902 3952 1169 4041; x_wconf 86' lang='lat' dir='ltr'>horizontalis</span> <span class='ocrx_word' id='word_1_179' title='bbox 1202 3951 1461 4074; x_wconf 80' lang='lat' dir='ltr'>parallelum,</span> <span class='ocrx_word' id='word_1_180' title='bbox 1493 3956 1816 4065; x_wconf 82' lang='lat' dir='ltr'>deprehendetur</span> <span class='ocrx_word' id='word_1_181' title='bbox 1844 3985 1943 4045; x_wconf 89' lang='lat' dir='ltr'>cor·</span> 
     </span>
     <span class='ocr_line' id='line_1_27' title="bbox 677 4084 1940 4199; baseline 0.001 -27"><span class='ocrx_word' id='word_1_182' title='bbox 677 4112 754 4199; x_wconf 87' lang='lat' dir='ltr'>pus</span> <span class='ocrx_word' id='word_1_183' title='bbox 785 4084 865 4171; x_wconf 89' lang='lat' dir='ltr'>hoc</span> <span class='ocrx_word' id='word_1_184' title='bbox 894 4087 941 4167; x_wconf 85' lang='lat' dir='ltr'>ud</span> <span class='ocrx_word' id='word_1_185' title='bbox 977 4084 1301 4169; x_wconf 73' lang='lat' dir='ltr'>internetionem</span> <span class='ocrx_word' id='word_1_186' title='bbox 1333 4086 1531 4169; x_wconf 92' lang='lat' dir='ltr'>continuo</span> <span class='ocrx_word' id='word_1_187' title='bbox 1565 4087 1733 4197; x_wconf 82' lang='lat' dir='ltr'>propius</span> <span class='ocrx_word' id='word_1_188' title='bbox 1773 4096 1940 4175; x_wconf 86' lang='lat' dir='ltr'>accede·</span> 
     </span>
     <span class='ocr_line' id='line_1_28' title="bbox 678 4210 1940 4325; baseline 0.003 -26"><span class='ocrx_word' id='word_1_189' title='bbox 678 4242 764 4317; x_wconf 90' lang='lat' dir='ltr'>re,</span> <span class='ocrx_word' id='word_1_190' title='bbox 788 4215 885 4322; x_wconf 86' lang='lat' dir='ltr'>quin</span> <span class='ocrx_word' id='word_1_191' title='bbox 918 4231 959 4297; x_wconf 88' lang='lat' dir='ltr'>et</span> <span class='ocrx_word' id='word_1_192' title='bbox 993 4230 1102 4294; x_wconf 81' lang='lat' dir='ltr'>tanta</span> <span class='ocrx_word' id='word_1_193' title='bbox 1135 4213 1216 4295; x_wconf 89' lang='lat' dir='ltr'>inm</span> <span class='ocrx_word' id='word_1_194' title='bbox 1256 4238 1338 4299; x_wconf 91' lang='lat' dir='ltr'>non</span> <span class='ocrx_word' id='word_1_195' title='bbox 1380 4236 1490 4325; x_wconf 87' lang='lat' dir='ltr'>opus</span> <span class='ocrx_word' id='word_1_196' title='bbox 1538 4210 1613 4295; x_wconf 86' lang='lat' dir='ltr'>effe</span> <span class='ocrx_word' id='word_1_197' title='bbox 1662 4219 1844 4324; x_wconf 85' lang='lat' dir='ltr'>potentia</span> <span class='ocrx_word' id='word_1_198' title='bbox 1891 4217 1940 4303; x_wconf 89' lang='lat' dir='ltr'>ad</span> 
     </span>
    </p>
   </div>
   <div class='ocr_carea' id='block_1_6' title="bbox 679 4339 1942 4610">
    <p class='ocr_par' dir='ltr' id='par_1_6' title="bbox 679 4339 1942 4610">
     <span class='ocr_line' id='line_1_29' title="bbox 679 4339 1942 4610; baseline -0.002 -177"><span class='ocrx_word' id='word_1_199' title='bbox 679 4366 827 4498; x_wconf 84' lang='lat' dir='ltr'>corpus</span> <span class='ocrx_word' id='word_1_200' title='bbox 858 4339 1218 4456; x_wconf 75' lang='lat' dir='ltr'>protrahendum,</span> <span class='ocrx_word' id='word_1_201' title='bbox 1248 4360 1394 4455; x_wconf 88' lang='lat' dir='ltr'>quanta</span> <span class='ocrx_word' id='word_1_202' title='bbox 1422 4365 1528 4459; x_wconf 76' lang='lat' dir='ltr'>opus</span> <span class='ocrx_word' id='word_1_203' title='bbox 1558 4342 1666 4467; x_wconf 79' lang='lat' dir='ltr'>foret</span> <span class='ocrx_word' id='word_1_204' title='bbox 1709 4342 1743 4431; x_wconf 85' lang='lat' dir='ltr'><strong>fi</strong></span> <span class='ocrx_word' id='word_1_205' title='bbox 1789 4368 1942 4610; x_wconf 63' lang='lat' dir='ltr'>corppt</span> 
     </span>
     <span class='ocr_line' id='line_1_30' title="bbox 1771 4470 1934 4560; baseline -0.031 0"><span class='ocrx_word' id='word_1_206' title='bbox 1771 4470 1868 4560; x_wconf 82' lang='lat' dir='ltr'>tabu</span> <span class='ocrx_word' id='word_1_207' title='bbox 1910 4493 1934 4555; x_wconf 83' lang='lat' dir='ltr'>e</span> 
     </span>
    </p>
   </div>
   <div class='ocr_carea' id='block_1_7' title="bbox 0 0 2142 5617">
    <p class='ocr_par' dir='ltr' id='par_1_7' title="bbox 0 0 2142 5617">
     <span class='ocr_line' id='line_1_31' title="bbox 0 0 2142 5617; baseline 0 0"><span class='ocrx_word' id='word_1_208' title='bbox 0 0 2142 5617; x_wconf 95' lang='lat' dir='ltr'> </span> 
     </span>
    </p>
   </div>
  </div>
 </body>
</html>
