4200 5617
545 569 967 703 »amotae«
1336 602 1390 679 a
1499 490 1510 514 '¹

127 796 280 899 tabulm
309 796 559 887 horizontali
589 800 853 885 incumberet.
890 798 1053 887 Deinde
1087 826 1185 887 eum
1214 806 1417 918 explicat

129 923 286 1015 illustr.
320 931 484 1015 Auctor
516 936 679 1037 calum,
713 954 798 1041 quo
825 934 980 1017 duobus
1013 936 1253 1039 corporibus
1288 946 1322 1024 A
1352 954 1395 1032 et
1494 984 1502 1002 x

128 1054 166 1181 Β
202 1054 491 1169 duplicibus,
521 1058 594 1143 filo
626 1063 734 1141 tenui
767 1081 835 1144 aut
867 1063 985 1167 uirga
1020 1061 1160 1141 omnis
1208 1070 1398 1171 ponderis

126 1172 297 1299 experte
330 1192 434 1275 inter
465 1190 501 1271 se
533 1183 716 1293 iuuetis,
751 1208 888 1275 motus
920 1192 1126 1275 inducitur
1159 1190 1398 1299 applicando

127 1319 327 1403 anteriori
360 1316 511 1401 horum
540 1340 763 1426 corporum
806 1320 843 1405 B
885 1320 1146 1430 potentiam
1173 1342 1395 1429 quamcun-

125 1464 210 1557 que
253 1440 499 1562 obliquam„
548 1449 760 1559 quaeritur
811 1453 1051 1553 nimirum,
1098 1467 1298 1555 quaenam
1348 1452 1397 1533 stt

124 1574 271 1681 relatio
303 1575 411 1663 inter
444 1567 830 1693 iridioaesltorum
881 1596 1110 1688 corporum
1159 1596 1208 1668 et,
1254 1601 1400 1689 poten·

127 1703 238 1793 tiam
267 1695 545 1835 mouentem}
576 1700 678 1817 Heic
708 1704 919 1817 verodun
950 1710 1059 1793 casua
1075 1702 1237 1810 seorsim
1271 1706 1401 1791 consr-

126 1832 292 1921 derandi
313 1842 448 1949 sunt,
473 1828 600 1951 prior
615 1859 720 1946 quo
731 1860 916 1984 corpus.
910 1811 950 1934 B
978 1837 1044 1920 cui
1072 1839 1267 1943 potentia
1319 1851 1398 1944 ap

127 1964 308 2077 plicatur
340 1984 461 2051 motu
493 1963 689 2055 circulari
727 1964 837 2054 circa
890 1960 1008 2051 At
989 1970 1175 2069 feratur,
1215 1964 1399 2079 posterior

127 2110 215 2200 quo
245 2096 365 2181 ambo
395 2112 567 2202 corpora
603 2114 829 2211 mouentur.
895 2092 1057 2181 Horum
1072 2093 1192 2207 prior
1229 2098 1399 2200 oritur,

128 2214 161 2301 st
197 2218 370 2307 resoluta
404 2224 585 2331 potentia
618 2222 660 2307 iu
692 2225 794 2309 duas
823 2222 1094 2325 dirediionca,
1122 2244 1246 2305 roam
1301 2248 1399 2306 uor-

129 2348 287 2431 malem
320 2355 366 2435 ad
398 2352 557 2433 lineam
582 2374 769 2463 corporat
787 2352 1025 2459 turgentem
1060 2344 1181 2452 ΑΒ,
1222 2350 1397 2447 alteram

124 2496 228 2559 cum
262 2474 346 2585 ipsa
374 2478 686 2585 comedentem,
726 2461 878 2566 ultima
909 2478 1062 2563 harum
1110 2482 1397 2587 potentiarum

128 2599 352 2688 minorfit
384 2598 573 2686 iridtiooe
601 2606 739 2713 ipsius
756 2606 957 2726 eorporis
974 2608 1036 2708 A,
1079 2606 1262 2713 paliarina
1303 2630 1402 2690 tero
1474 2601 1477 2605 ⁴

129 2724 295 2817 sthaec
318 2726 459 2815 eadem
492 2733 674 2835 potentia
708 2710 1010 2836 aliquantillum
1045 2720 1208 2837 superet
1240 2727 1398 2815 frictio·

130 2880 227 2945 nem
259 2850 443 2966 corporis
479 2861 530 2937 A
603 2852 681 2945 llis
715 2844 893 2940 euoluris
929 2854 1205 2966 quaestionem
1255 2880 1397 2963 aggre

128 2986 243 3072 ditur
276 2979 428 3071 Illustr.
464 2980 624 3069 Aridior
657 2982 706 3068 de
738 3006 861 3072 motu
892 2989 1035 3091 uirgae
1084 2986 1210 3095 plano
1259 2981 1400 3095 aspero

133 3112 404 3225 incumbentia
425 3130 494 3197 et
506 3118 572 3197 cui
605 3114 799 3258 potentia
828 3108 992 3235 obliqua
1038 3114 1301 3238 applicitur,
1351 3114 1401 3196 ad

133 3236 251 3333 cuius
279 3237 527 3329 faciliorem
522 3230 851 3350 explicationem
881 3222 1104 3326 conducere
1150 3236 1402 3328 existimauit

133 3374 383 3485 ltprimum
432 3365 698 3464 consideraret
746 3389 910 3455 motum
962 3368 1211 3455 rotatorium
1261 3374 1415 3473 virgae
1556 3359 1587 3421 ’-

132 3504 242 3589 tirca
273 3496 474 3610 punctum
505 3498 706 3607 quoddam
738 3494 890 3599 lixum,
922 3496 1016 3579 lude
1047 3494 1270 3577 oriundum
1289 3498 1400 3604 quod

133 3632 322 3744 potentia
354 3616 696 3763 perpendicularis
726 3616 800 3731 ipsa
840 3610 1092 3732 applicetur
1139 3612 1240 3704 hinc
1288 3624 1403 3707 enim

135 3762 270 3869 ipsum
306 3768 496 3838 centrum
532 3742 744 3832 rotationis
780 3746 918 3855 virgae
952 3741 1125 3833 liberae
1136 3745 1280 3832 deduci
1331 3749 1405 3836 de·

135 3883 226 3971 bere
263 3876 610 3981 animaduertit,
624 3872 654 3959 st
701 3874 957 3982 solummodo
1005 3872 1275 3983 obseraretur,
1323 3875 1403 3965 hoc
1535 3872 1538 3879 ’

139 4012 340 4131 punitum
375 4012 430 4123 ita
456 4003 582 4090 fitam
616 3998 718 4113 eisc,
750 4026 799 4090 vt
832 4006 1004 4091 minima
1040 4004 1222 4115 potentia
1256 4009 1399 4115 virga'e
1522 4122 1525 4128 1

138 4162 275 4229 motus
309 4138 443 4225 induci
478 4151 612 4246 queat.
653 4133 883 4243 Singularia
914 4154 1053 4218 autem
1087 4136 1261 4219 omnino
1293 4132 1401 4243 sunt,

138 4295 237 4383 quae
266 4276 370 4355 circa
407 4264 485 4352 hoc
514 4280 703 4351 centrum
737 4262 949 4351 rotationis
982 4262 1221 4349 obseruanda
1257 4285 1404 4353 occur·

141 4418 284 4549 runt,
329 4394 481 4485 scilicet
522 4392 554 4483 fi
601 4397 783 4515 potentia
830 4414 947 4483 extra
998 4390 1164 4503 uirgam
1211 4392 1297 4481 AB
1353 4395 1402 4481 ad

1069 4526 1074 4533 ’
1219 4520 1406 4607 dirnn·
1463 4580 1467 4587 -
