4200 5617
721 479 816 598 ‘32⁸
951 433 1396 570 nvmnnnnnos
1442 453 1758 556 votvnrnts

719 711 898 810 STAM.
933 709 1010 796 Fil.
1044 707 1253 820 quinque,
1282 699 1361 787 basr
1404 697 1638 806 petalorum
1687 695 1872 797 inserta,
1925 683 1979 775 in·

843 835 1019 924 curuata.
1087 835 1286 922 Anrherae
1319 825 1606 935 longiffimae,
1635 840 1839 925 arcuatae,
1868 817 1976 904 latetl

845 967 1159 1062 filamentotum
1194 964 1378 1044 inlertae

719 1140 851 1234 PIST.
886 1141 1072 1229 Ouarium
1103 1135 1312 1248 sphaerico
1328 1181 1347 1194 -
1364 1131 1651 1240 cylindricum
1722 1123 1763 1212 S
1760 1127 1863 1235 plus
1891 1121 1975 1212 nul·

848 1272 925 1357 lus.
990 1269 1157 1378 Stygmu
1188 1259 1478 1373 quadrifidum.

720 1437 1043 1656 PER.1({upsuIa
1077 1437 1245 1523 cordato
1260 1479 1278 1494 ·
1295 1433 1471 1540 oblonga
1491 1493 1505 1538 ,
1536 1425 1807 1532 acuminata,
1838 1415 1973 1507 buocn

664 1647 668 1653 .
865 1594 957 1658 aris.

721 1743 852 1840 san.
885 1733 1421 1853 prura‚10ngnunnrner
1454 1701 1803 1844 alemanna.

873 1904 1001 1992 Nouo
1059 1901 1159 1991 huic
1215 1908 1356 2012 generi
1419 1927 1576 1990 nomen
1635 1905 1812 2012 impono
1867 1885 1974 1980 a'bss

722 2025 989 2133 STELLERO
1022 2031 1266 2141 Claytoniae
1297 2033 1485 2120 Sibiricae
1516 2032 1781 2130 destinatum,
1811 2022 1973 2106 nostran

722 2170 769 2253 in
808 2163 991 2274 plantam
1022 2166 1209 2274 apprime
1258 2169 1479 2271 quadrans.
1529 2161 1636 2273 quod
1687 2181 1771 2241 non
1819 2148 1896 2233 nili
1938 2150 1972 2231 in

722 2295 837 2407 aquis
868 2294 1029 2400 pigris,
1064 2289 1276 2399 paludibus
1307 2292 1530 2402 stagnisque
1562 2290 1721 2374 crescat.

875 2451 1166 2566 Nymphaeum
1201 2476 1341 2541 autem
1392 2457 1534 2562 foliis,
1583 2453 1791 2536 crescendi
1833 2452 1976 2554 modo,

725 2585 957 2698 florumque
990 2583 1181 2670 coloree
1223 2585 1449 2695 longinquo
1481 2585 1538 2668 ita
1571 2585 1725 2687 refert,
1755 2600 1808 2665 nt
1837 2600 1977 2691 putares

727 2738 854 2800 unam
885 2735 926 2800 et
958 2715 1124 2798 eandem
1161 2713 1344 2823 plantam
1378 2711 1465 2798 elle.
1565 2709 1631 2794 At
1663 2710 1839 2822 propius
1870 2707 1977 2820 inlpi·

726 2846 850 2930 clenti
883 2841 1095 2950 fingularis
1126 2840 1263 2950 planta
1297 2843 1429 2930 statim
1464 2841 1742 2952 manifestatur.

874 3014 1006 3127 Super
1035 3036 1154 3125 aquas
1185 3038 1286 3121 ergo
1315 3015 1681 3102 Limnanthemum
1710 3026 1851 3120 natat,
1884 3015 1983 3102 caula

725 3146 944 3252 donatum,
977 3143 1329 3252 quemadmodum
1364 3145 1444 3228 fere
1479 3147 1580 3231 solet
1607 3148 1647 3238 in
1677 3144 1824 3251 plantis
1850 3168 1983 3253 aqua-

730 3273 823 3356 ticis
855 3270 962 3371 else,
991 3271 1223 3380 prostrato,
1257 3274 1374 3355 tereti
1400 3333 1411 3375 ,
1442 3271 1589 3360 sordide
1617 3271 1767 3375 uiridi,
1808 3269 1984 3380 punitis

724 3397 979 3485 creberrimis
1011 3416 1065 3479 ex
1100 3421 1306 3504 purpureo
1325 3401 1490 3506 -nigris
1525 3396 1755 3500 maculato,
1782 3395 1981 3509 simplici,

727 3529 871 3631 nudo;
920 3526 1036 3644 supra
1067 3526 1180 3608 enim
1217 3542 1380 3642 tantum
1431 3531 1668 3636 contingit,
1716 3547 1766 3611 ut
1812 3549 1883 3610 tx·
1920 3529 1980 3613 hot

726 3651 841 3740 caule
873 3651 956 3736 duo
989 3675 1043 3734 ex
1074 3653 1240 3736 aduerso
1291 3657 1390 3738 tarni
1445 3661 1743 3763 egrediantur,
1795 3655 1904 3738 cauli
1938 3657 1979 3739 do

729 3780 884 3888 miles,
933 3775 1009 3864 nist
1059 3783 1166 3889 quod
1215 3783 1374 3867 subinde
1404 3787 1482 3873 basi
1517 3793 1581 3870 lua
1612 3787 1715 3870 alati
1750 3783 1978 3888 uideantur,

728 3909 897 4024 proprie
932 3901 1181 4016 petiolorum
1214 3914 1322 3998 uices
1355 3913 1610 3999 sustentantes
1629 3915 1851 4023 quique
1870 3935 1975 3996 anun
2022 3902 2024 3979 l

730 4057 926 4121 extremo
957 4055 1105 4144 gerunt
1135 4036 1286 4124 folium
1321 4042 1572 4147 reniforme,
1600 4043 1865 4144 carnosum,
1877 4067 1975 4124 ··1nar

732 4162 935 4272 ginibus
923 4167 1274 4272 integerrimum,
1305 4170 1639 4276 glaberrimum,
1681 4175 1872 4298 supina
1889 4189 1980 4281 patre

733 4290 840 4380 laete
872 4289 1033 4400 uiride,
1067 4319 1226 4409 prona,
1254 4323 1333 4411 qua
1365 4323 1509 4412 aquam
1554 4301 1763 4412 attingit,
1816 4301 1980 4387 rubicun-

1897 4429 1982 4510 dum
