4200 5617
739 541 846 667 4ἰ8ι
1063 516 1349 637 §BALAX
1414 516 1676 611 NOVVM
1713 634 1719 645 Ι

896 748 1085 865 Spatium
1118 756 1227 843 inter
1280 746 1513 867 apophyfin
1548 745 1886 859 ..zygomaticam
1938 740 2009 829 offic

637 892 640 899 ’
745 880 973 973 maxillaris
1024 902 1066 971 et
1114 888 1221 971 inter
1268 882 1491 969 musculum
1545 876 1839 989 croraphytem
1899 875 2006 983 replet

745 1008 1059 1123 conglomeratum
1103 1010 1379 1125 gunduſtrqsum
1427 1004 1634 1156 liquidum
1684 1003 2004 1148 spiffiusculum,

746 1145 843 1255 puri
876 1138 1066 1225 laudabili
1110 1140 1451 1258 simillimum,
1466 1140 1529 1255 in
1561 1129 1723 1232 cellulis
1772 1132 2004 1240 continens·

747 1263 889 1355 centro
940 1268 1064 1352 huius
1111 1198 1414 1377 conglomerati
1462 1288 1536 1379 per
1568 1263 1802 1351 cellulosam
1836 1256 2002 1348 adhaeret

746 1394 873 1483 oculus
902 1395 1189 1509 corpusculum
1226 1402 1455 1506 nigricans,
1483 1392 1735 1505 globorum,
1788 1390 1871 1482 vix
1907 1394 2002 1475 seni·

748 1550 798 1611 nc
832 1530 1079 1636 papauerino
1123 1527 1286 1641 maius,
1334 1529 1465 1611 antire
1515 1522 1882 1649 subpellucidum,
1930 1522 2002 1605 'niti

749 1655 852 1738 dum
886 1654 1092 1761 referens,
1126 1660 1167 1738 in
1198 1680 1281 1765 quo
1313 1657 1364 1740 ob
1398 1653 1621 1737 minutiem
1656 1658 1728 1736 n'ec
1737 1648 1935 1761 pupilla
1957 1676 1999 1735 ner

750 1782 928 1891 liquores
957 1782 1123 1869 discerni
1153 1790 1320 1892 queunt.
1383 1780 1451 1866 Ad
1483 1780 1560 1865 hoc
1587 1776 1701 1873 oculi
1724 1780 1997 1865 rudimentum

747 1910 942 2008 accedunt
975 1908 1185 2008 filamenru
1216 1934 1396 2016 neruea,
1386 1888 1675 2023 capillaria,
1721 1918 1795 2019 per
1832 1910 1999 1992 foramen

748 2036 1112 2147 angustillimum,
1166 2040 1209 2121 in
1251 2041 1356 2127 linea
1387 2038 1687 2124 coniundiionis'
1718 2032 1921 2151 procellas
1947 2063 1999 2121 na

748 2166 842 2253 salia
863 2166 965 2254 offis
998 2162 1158 2279 palati
1158 2191 1258 2253 cum
1308 2167 1402 2253 ala
1427 2190 1572 2275 magna
1622 2164 1713 2273 offis
1762 2163 1996 2277 sphaenolnl

747 2293 949 2408 obuium,
999 2321 1021 2379 e
1060 2293 1150 2382 basr
1199 2296 1351 2413 cerebri
1405 2292 1686 2423 prodeuntia?
1681 2308 1738 2376 et
1771 2298 1824 2378 ad
1862 2296 1998 2405 pollicis

748 2417 830 2507 fere
880 2357 1185 2529 longitudinem
1237 2452 1309 2535 per
1358 2420 1521 2529 foliam
1518 2411 1865 2530 z'ygomaricam
1918 2430 1996 2507 inter

749 2553 999 2638 musculum
1038 2550 1340 2699 croraphytenr·
1388 2556 1428 2635 et'
1490 2522 1858 2673 conglomeratum
1924 2554 1996 2636 iilud

747 2661 1034 2792 glanduloluin
1085 2680 1401 2794 percurrentia,
1424 2674 1673 2767 filam‘entis
1717 2680 1858 2767 aliie
1845 2706 1888 2762 ιιι
1922 2707 1998 2767 ocu·

747 2808 861 2917 lum,
893 2810 1031 2894 aliis
1019 2836 1062 2893 ιιι
1096 2806 1333 2918 glandulain
1365 2804 1641 2894 desinentibus.
1708 2812 1920 2922 Aperrura
1944 2836 1999 2918 pro

745 2876 869 3025 oculd
918 2958 1088 3026 cucanea
1153 2964 1228 3024 nec
1282 2938 1325 3034 in
1384 2957 1478 3021 cute
1533 2938 1708 3049 detracta
1748 2940 2004 3047 detegenda,

745 3092 846 3179 quae
876 3067 1019 3182 potius
1050 3068 1096 3151 in
1126 3092 1179 3151 eo
1186 3051 1297 3173 ipso
1331 3064 1421 3149 loco
1452 3039 1588 3154 οιιι1ῐέ
1613 3066 1872 3214 respondente
1915 3092 2008 3149 mu·

744 3190 854 3285 sculo
885 3194 1130 3302 subcutaneo
1162 3194 1306 3279 vestita
1341 3196 1428 3301 οὓς
1480 3176 1649 3281 musculi
1692 3198 1843 3307 pariter
1888 3198 2010 3277 nulli

745 3309 795 3409 ad
823 3315 1006 3403 oculum
1037 3320 1151 3409 hunc
1178 3320 1420 3407 anomalum
1455 3322 1672 3433 accedunt3
1699 3320 1787 3409 hine
1822 3343 1910 3403 nec
1950 3342 2007 3406 rot

745 3468 970 3561 neruorum
1010 3451 1120 3555 paria
1152 3472 1198 3551 ac
1240 3448 1340 3532 alias
1389 3449 1548 3555 solent,
1598 3454 1660 3562 sqd
1700 3454 1761 3553 ier
1793 3423 2005 3561 scaurum,

743 3576 875 3675 nasale
911 3576 1095 3687 scilicet,
1144 3564 1517 3685 ophthalmicum,
1564 3579 1871 3695 sympathicum
1903 3605 2002 3693 ,me-

742 3707 895 3812 dium,
929 3704 1028 3789 alias
1061 3728 1134 3815 par
1161 3706 1361 3816 'quintum
1399 3708 1594 3821 dictum,
1620 3712 1899 3817 sacuilicnm,
1950 3734 2005 3793 rr·

741 3850 845 3963 gum
868 3827 974 3922 ‘alias'
1004 3858 1079 3947 pac
1110 3833 1342 3951 omnum,
1372 3854 1414 3924 et
1442 3836 1650 3959 lingnula

777 4101 783 4113 ·
892 4086 967 4174 Ad
1003 4085 1127 4185 latera
1161 4058 1322 4179 nuchae
1345 4062 1369 4179 a
1381 4094 1584 4216 procella
1614 4068 1893 4209 zygomatico
1926 4099 2012 4185 offis

744 4215 990 4330 temporalis
1020 4220 1068 4311 ad
1100 4220 1284 4312 foramen
1318 4230 1570 4315 auditorium
1601 4246 1829 4316 externum
1869 4252 2017 4343 proce·

656 4362 661 4376 ·
740 4348 804 4436 dit
834 4360 983 4436 nentur
1012 4347 1226 4441 creditarius
1255 4352 1555 4473 concingimur,
1585 4360 1794 4472 conitus,
1847 4374 2019 4445 externe

1908 4486 2034 4573 dna:
