<?xml version="1.0" encoding="UTF-8"?>
<!DOCTYPE html PUBLIC "-//W3C//DTD XHTML 1.0 Transitional//EN"
    "http://www.w3.org/TR/xhtml1/DTD/xhtml1-transitional.dtd">
<html xmlns="http://www.w3.org/1999/xhtml" xml:lang="en" lang="en">
 <head>
  <title>
</title>
<meta http-equiv="Content-Type" content="text/html;charset=utf-8" />
  <meta name='ocr-system' content='tesseract 3.04.00' />
  <meta name='ocr-capabilities' content='ocr_page ocr_carea ocr_par ocr_line ocrx_word'/>
</head>
<body>
  <div class='ocr_page' id='page_1' title='image "./novicommentarii05sssrgoog_0517.png"; bbox 0 0 4200 5617; ppageno 0'>
   <div class='ocr_carea' id='block_1_1' title="bbox 315 484 1368 654">
    <p class='ocr_par' dir='ltr' id='par_1_1' title="bbox 315 484 1368 654">
     <span class='ocr_line' id='line_1_1' title="bbox 315 484 1368 654; baseline 0.022 -26"><span class='ocrx_word' id='word_1_1' title='bbox 315 535 1157 634; x_wconf 70' lang='lat' dir='ltr'>annuntiantum</span> <span class='ocrx_word' id='word_1_2' title='bbox 1253 484 1368 654; x_wconf 67' lang='lat' dir='ltr'>am</span> 
     </span>
    </p>
   </div>
   <div class='ocr_carea' id='block_1_2' title="bbox 83 764 1416 2678">
    <p class='ocr_par' dir='ltr' id='par_1_2' title="bbox 83 764 1416 2678">
     <span class='ocr_line' id='line_1_2' title="bbox 107 764 1370 887; baseline 0.001 -29"><span class='ocrx_word' id='word_1_3' title='bbox 107 771 212 860; x_wconf 85' lang='lat' dir='ltr'>adeo</span> <span class='ocrx_word' id='word_1_4' title='bbox 243 770 494 882; x_wconf 85' lang='lat' dir='ltr'>compressa,</span> <span class='ocrx_word' id='word_1_5' title='bbox 548 791 597 857; x_wconf 81' lang='lat' dir='ltr'>rt</span> <span class='ocrx_word' id='word_1_6' title='bbox 633 765 842 856; x_wconf 84' lang='lat' dir='ltr'>difficilius</span> <span class='ocrx_word' id='word_1_7' title='bbox 890 764 1216 878; x_wconf 81' lang='lat' dir='ltr'>distinguantur,</span> <span class='ocrx_word' id='word_1_8' title='bbox 1265 795 1370 887; x_wconf 83' lang='lat' dir='ltr'>quae</span> 
     </span>
     <span class='ocr_line' id='line_1_3' title="bbox 112 893 1371 1001; baseline 0 -15"><span class='ocrx_word' id='word_1_9' title='bbox 112 920 213 986; x_wconf 76' lang='lat' dir='ltr'>tero</span> <span class='ocrx_word' id='word_1_10' title='bbox 259 899 443 990; x_wconf 74' lang='lat' dir='ltr'>distindia</span> <span class='ocrx_word' id='word_1_11' title='bbox 494 897 684 1001; x_wconf 65' lang='lat' dir='ltr'>fuiffent3</span> <span class='ocrx_word' id='word_1_12' title='bbox 730 893 760 976; x_wconf 88' lang='lat' dir='ltr'>fi</span> <span class='ocrx_word' id='word_1_13' title='bbox 812 900 1038 981; x_wconf 80' lang='lat' dir='ltr'>accuratius</span> <span class='ocrx_word' id='word_1_14' title='bbox 1088 917 1132 983; x_wconf 88' lang='lat' dir='ltr'>et</span> <span class='ocrx_word' id='word_1_15' title='bbox 1177 901 1371 986; x_wconf 69' lang='lat' dir='ltr'>curiosius</span> 
     </span>
     <span class='ocr_line' id='line_1_4' title="bbox 107 1021 1373 1144; baseline -0.002 -28"><span class='ocrx_word' id='word_1_16' title='bbox 107 1029 337 1116; x_wconf 87' lang='lat' dir='ltr'>examinata</span> <span class='ocrx_word' id='word_1_17' title='bbox 371 1027 538 1116; x_wconf 80' lang='lat' dir='ltr'>fuissent.</span> <span class='ocrx_word' id='word_1_18' title='bbox 603 1021 811 1134; x_wconf 84' lang='lat' dir='ltr'><strong>Quicquid</strong></span> <span class='ocrx_word' id='word_1_19' title='bbox 843 1021 925 1127; x_wconf 87' lang='lat' dir='ltr'>fit,</span> <span class='ocrx_word' id='word_1_20' title='bbox 965 1023 1045 1112; x_wconf 90' lang='lat' dir='ltr'>hoc</span> <span class='ocrx_word' id='word_1_21' title='bbox 1078 1027 1196 1113; x_wconf 85' lang='lat' dir='ltr'>facile</span> <span class='ocrx_word' id='word_1_22' title='bbox 1229 1047 1373 1144; x_wconf 87' lang='lat' dir='ltr'>patet,</span> 
     </span>
     <span class='ocr_line' id='line_1_5' title="bbox 108 1146 1416 1269; baseline 0.001 -27"><span class='ocrx_word' id='word_1_23' title='bbox 108 1155 217 1242; x_wconf 88' lang='lat' dir='ltr'>nihil</span> <span class='ocrx_word' id='word_1_24' title='bbox 248 1158 358 1243; x_wconf 91' lang='lat' dir='ltr'>aliud</span> <span class='ocrx_word' id='word_1_25' title='bbox 392 1157 488 1241; x_wconf 86' lang='lat' dir='ltr'>haec</span> <span class='ocrx_word' id='word_1_26' title='bbox 515 1175 591 1237; x_wconf 93' lang='lat' dir='ltr'>oua</span> <span class='ocrx_word' id='word_1_27' title='bbox 627 1146 817 1255; x_wconf 65' lang='lat' dir='ltr'>gemella</span> <span class='ocrx_word' id='word_1_28' title='bbox 867 1158 1032 1266; x_wconf 86' lang='lat' dir='ltr'>proprie</span> <span class='ocrx_word' id='word_1_29' title='bbox 1083 1157 1194 1256; x_wconf 82' lang='lat' dir='ltr'>elle,</span> <span class='ocrx_word' id='word_1_30' title='bbox 1243 1157 1416 1269; x_wconf 78' lang='lat' dir='ltr'>quam&#39;</span> 
     </span>
     <span class='ocr_line' id='line_1_6' title="bbox 100 1281 1371 1396; baseline -0.001 -28"><span class='ocrx_word' id='word_1_31' title='bbox 100 1285 193 1382; x_wconf 83' lang='lat' dir='ltr'>duo</span> <span class='ocrx_word' id='word_1_32' title='bbox 224 1287 374 1371; x_wconf 89' lang='lat' dir='ltr'>diuersa</span> <span class='ocrx_word' id='word_1_33' title='bbox 403 1303 515 1386; x_wconf 91' lang='lat' dir='ltr'>oua,</span> <span class='ocrx_word' id='word_1_34' title='bbox 546 1281 590 1365; x_wconf 90' lang='lat' dir='ltr'>in</span> <span class='ocrx_word' id='word_1_35' title='bbox 623 1295 742 1362; x_wconf 77' lang='lat' dir='ltr'>utero</span> <span class='ocrx_word' id='word_1_36' title='bbox 774 1283 816 1363; x_wconf 92' lang='lat' dir='ltr'>in</span> <span class='ocrx_word' id='word_1_37' title='bbox 850 1305 982 1368; x_wconf 83' lang='lat' dir='ltr'>vnum</span> <span class='ocrx_word' id='word_1_38' title='bbox 1015 1283 1248 1396; x_wconf 69' lang='lat' dir='ltr'>compasta,</span> <span class='ocrx_word' id='word_1_39' title='bbox 1275 1286 1371 1374; x_wconf 86' lang='lat' dir='ltr'>tella</span> 
     </span>
     <span class='ocr_line' id='line_1_7' title="bbox 104 1405 1371 1524; baseline 0.002 -29"><span class='ocrx_word' id='word_1_40' title='bbox 104 1419 326 1499; x_wconf 88' lang='lat' dir='ltr'>communi</span> <span class='ocrx_word' id='word_1_41' title='bbox 355 1409 535 1498; x_wconf 81' lang='lat' dir='ltr'>obdudia.</span> <span class='ocrx_word' id='word_1_42' title='bbox 631 1405 707 1494; x_wconf 86' lang='lat' dir='ltr'>Sed</span> <span class='ocrx_word' id='word_1_43' title='bbox 742 1406 860 1492; x_wconf 91' lang='lat' dir='ltr'>aliter</span> <span class='ocrx_word' id='word_1_44' title='bbox 915 1408 1037 1519; x_wconf 87' lang='lat' dir='ltr'>longe</span> <span class='ocrx_word' id='word_1_45' title='bbox 1083 1430 1371 1524; x_wconf 86' lang='lat' dir='ltr'>comparatum</span> 
     </span>
     <span class='ocr_line' id='line_1_8' title="bbox 98 1532 1369 1653; baseline 0.002 -28"><span class='ocrx_word' id='word_1_46' title='bbox 98 1543 161 1636; x_wconf 80' lang='lat' dir='ltr'>est</span> <span class='ocrx_word' id='word_1_47' title='bbox 193 1565 286 1626; x_wconf 89' lang='lat' dir='ltr'>cum</span> <span class='ocrx_word' id='word_1_48' title='bbox 323 1539 518 1650; x_wconf 82' lang='lat' dir='ltr'>praesenti</span> <span class='ocrx_word' id='word_1_49' title='bbox 569 1559 652 1622; x_wconf 91' lang='lat' dir='ltr'>ouo</span> <span class='ocrx_word' id='word_1_50' title='bbox 698 1532 986 1648; x_wconf 86' lang='lat' dir='ltr'>gemellisero,</span> <span class='ocrx_word' id='word_1_51' title='bbox 1034 1541 1141 1650; x_wconf 89' lang='lat' dir='ltr'>quod</span> <span class='ocrx_word' id='word_1_52' title='bbox 1191 1539 1369 1653; x_wconf 86' lang='lat' dir='ltr'>iimplici</span> 
     </span>
     <span class='ocr_line' id='line_1_9' title="bbox 100 1663 1370 1778; baseline -0.001 -22"><span class='ocrx_word' id='word_1_53' title='bbox 100 1667 286 1774; x_wconf 80' lang='lat' dir='ltr'>uitello,</span> <span class='ocrx_word' id='word_1_54' title='bbox 315 1667 491 1778; x_wconf 85' lang='lat' dir='ltr'>limplici</span> <span class='ocrx_word' id='word_1_55' title='bbox 526 1665 733 1751; x_wconf 88' lang='lat' dir='ltr'>albumine</span> <span class='ocrx_word' id='word_1_56' title='bbox 764 1663 963 1775; x_wconf 83' lang='lat' dir='ltr'>constans,</span> <span class='ocrx_word' id='word_1_57' title='bbox 995 1691 1097 1754; x_wconf 83' lang='lat' dir='ltr'>uero</span> <span class='ocrx_word' id='word_1_58' title='bbox 1125 1667 1238 1753; x_wconf 85' lang='lat' dir='ltr'>sensu</span> <span class='ocrx_word' id='word_1_59' title='bbox 1268 1667 1370 1755; x_wconf 84' lang='lat' dir='ltr'>lim·</span> 
     </span>
     <span class='ocr_line' id='line_1_10' title="bbox 101 1794 1369 1912; baseline 0 -30"><span class='ocrx_word' id='word_1_60' title='bbox 101 1797 207 1912; x_wconf 83' lang='lat' dir='ltr'>plex</span> <span class='ocrx_word' id='word_1_61' title='bbox 253 1798 338 1902; x_wconf 81' lang='lat' dir='ltr'>eil,</span> <span class='ocrx_word' id='word_1_62' title='bbox 384 1794 585 1904; x_wconf 89' lang='lat' dir='ltr'>omnique</span> <span class='ocrx_word' id='word_1_63' title='bbox 609 1807 810 1904; x_wconf 84' lang='lat' dir='ltr'>&#39;tempore</span> <span class='ocrx_word' id='word_1_64' title='bbox 841 1811 882 1876; x_wconf 89' lang='lat' dir='ltr'>et</span> <span class='ocrx_word' id='word_1_65' title='bbox 913 1821 935 1880; x_wconf 86' lang='lat' dir='ltr'>a</span> <span class='ocrx_word' id='word_1_66' title='bbox 968 1794 1103 1908; x_wconf 83' lang='lat' dir='ltr'>prima</span> <span class='ocrx_word' id='word_1_67' title='bbox 1133 1797 1369 1882; x_wconf 79' lang='lat' dir='ltr'>conforma·</span> 
     </span>
     <span class='ocr_line' id='line_1_11' title="bbox 96 1923 1367 2034; baseline 0.001 -25"><span class='ocrx_word' id='word_1_68' title='bbox 96 1929 218 2022; x_wconf 82' lang='lat' dir='ltr'>¹tione</span> <span class='ocrx_word' id='word_1_69' title='bbox 249 1923 423 2031; x_wconf 86' lang='lat' dir='ltr'>fimplex</span> <span class='ocrx_word' id='word_1_70' title='bbox 454 1923 563 2028; x_wconf 85' lang='lat' dir='ltr'>fuit,</span> <span class='ocrx_word' id='word_1_71' title='bbox 610 1923 718 2032; x_wconf 92' lang='lat' dir='ltr'>quod</span> <span class='ocrx_word' id='word_1_72' title='bbox 749 1941 959 2029; x_wconf 88' lang='lat' dir='ltr'>nunquam</span> <span class='ocrx_word' id='word_1_73' title='bbox 988 1923 1264 2034; x_wconf 77' lang='lat' dir='ltr'>compositum</span> <span class='ocrx_word' id='word_1_74' title='bbox 1312 1945 1367 2017; x_wconf 82' lang='lat' dir='ltr'>ex</span> 
     </span>
     <span class='ocr_line' id='line_1_12' title="bbox 89 2047 1368 2160; baseline -0.002 -21"><span class='ocrx_word' id='word_1_75' title='bbox 89 2054 262 2140; x_wconf 85' lang='lat' dir='ltr'>duobus</span> <span class='ocrx_word' id='word_1_76' title='bbox 309 2052 402 2134; x_wconf 84' lang='lat' dir='ltr'>aliia</span> <span class='ocrx_word' id='word_1_77' title='bbox 452 2051 538 2156; x_wconf 81' lang='lat' dir='ltr'>eli,</span> <span class='ocrx_word' id='word_1_78' title='bbox 586 2069 626 2136; x_wconf 92' lang='lat' dir='ltr'>et</span> <span class='ocrx_word' id='word_1_79' title='bbox 676 2067 815 2136; x_wconf 86' lang='lat' dir='ltr'>tamen</span> <span class='ocrx_word' id='word_1_80' title='bbox 854 2047 1064 2160; x_wconf 84' lang='lat' dir='ltr'>duplicem</span> <span class='ocrx_word' id='word_1_81' title='bbox 1095 2052 1368 2156; x_wconf 85' lang='lat' dir='ltr'>embryonem</span> 
     </span>
     <span class='ocr_line' id='line_1_13' title="bbox 91 2172 1367 2294; baseline -0.004 -26"><span class='ocrx_word' id='word_1_82' title='bbox 91 2182 326 2294; x_wconf 85' lang='lat' dir='ltr'>producit;</span> <span class='ocrx_word' id='word_1_83' title='bbox 354 2179 463 2289; x_wconf 91' lang='lat' dir='ltr'>quod</span> <span class='ocrx_word' id='word_1_84' title='bbox 495 2178 654 2285; x_wconf 85' lang='lat' dir='ltr'>igitur,</span> <span class='ocrx_word' id='word_1_85' title='bbox 700 2172 732 2259; x_wconf 86' lang='lat' dir='ltr'>fi</span> <span class='ocrx_word' id='word_1_86' title='bbox 765 2175 943 2262; x_wconf 80' lang='lat' dir='ltr'>similem</span> <span class='ocrx_word' id='word_1_87' title='bbox 991 2178 1145 2264; x_wconf 59' lang='lat' dir='ltr'>alium*</span> <span class='ocrx_word' id='word_1_88' title='bbox 1172 2175 1367 2264; x_wconf 75' lang='lat' dir='ltr'>vitellum</span> 
     </span>
     <span class='ocr_line' id='line_1_14' title="bbox 88 2305 1368 2420; baseline -0.005 -25"><span class='ocrx_word' id='word_1_89' title='bbox 88 2311 211 2395; x_wconf 89' lang='lat' dir='ltr'>intra</span> <span class='ocrx_word' id='word_1_90' title='bbox 244 2311 414 2397; x_wconf 87' lang='lat' dir='ltr'>eandem</span> <span class='ocrx_word' id='word_1_91' title='bbox 449 2308 587 2393; x_wconf 90' lang='lat' dir='ltr'>testam</span> <span class='ocrx_word' id='word_1_92' title='bbox 620 2307 752 2400; x_wconf 88' lang='lat' dir='ltr'>secum</span> <span class='ocrx_word' id='word_1_93' title='bbox 781 2305 985 2391; x_wconf 90' lang='lat' dir='ltr'>inclusum</span> <span class='ocrx_word' id='word_1_94' title='bbox 1016 2307 1178 2392; x_wconf 86' lang='lat' dir='ltr'>haberet</span> <span class='ocrx_word' id='word_1_95' title='bbox 1217 2327 1368 2420; x_wconf 84' lang='lat' dir='ltr'>quem·</span> 
     </span>
     <span class='ocr_line' id='line_1_15' title="bbox 86 2432 1366 2544; baseline 0.002 -22"><span class='ocrx_word' id='word_1_96' title='bbox 86 2439 329 2535; x_wconf 85' lang='lat' dir='ltr'>admodum</span> <span class='ocrx_word' id='word_1_97' title='bbox 364 2436 568 2543; x_wconf 88' lang='lat' dir='ltr'>contingit</span> <span class='ocrx_word' id='word_1_98' title='bbox 599 2435 642 2517; x_wconf 93' lang='lat' dir='ltr'>in</span> <span class='ocrx_word' id='word_1_99' title='bbox 675 2435 767 2520; x_wconf 86' lang='lat' dir='ltr'>ouis</span> <span class='ocrx_word' id='word_1_100' title='bbox 800 2432 1012 2540; x_wconf 86' lang='lat' dir='ltr'>gemellis,</span> <span class='ocrx_word' id='word_1_101' title='bbox 1046 2460 1130 2526; x_wconf 84' lang='lat' dir='ltr'>non</span> <span class='ocrx_word' id='word_1_102' title='bbox 1149 2433 1275 2544; x_wconf 68' lang='lat' dir='ltr'>duos,</span> <span class='ocrx_word' id='word_1_103' title='bbox 1303 2435 1366 2524; x_wconf 80' lang='lat' dir='ltr'>sed</span> 
     </span>
     <span class='ocr_line' id='line_1_16' title="bbox 83 2561 1021 2678; baseline 0 -28"><span class='ocrx_word' id='word_1_104' title='bbox 83 2587 323 2678; x_wconf 70' lang='lat' dir='ltr'>quatuor,</span> <span class='ocrx_word' id='word_1_105' title='bbox 349 2562 393 2649; x_wconf 92' lang='lat' dir='ltr'>in</span> <span class='ocrx_word' id='word_1_106' title='bbox 426 2562 506 2649; x_wconf 85' lang='lat' dir='ltr'>hot</span> <span class='ocrx_word' id='word_1_107' title='bbox 537 2582 619 2650; x_wconf 88' lang='lat' dir='ltr'>ouo</span> <span class='ocrx_word' id='word_1_108' title='bbox 651 2561 845 2678; x_wconf 74' lang='lat' dir='ltr'>spectares</span> <span class='ocrx_word' id='word_1_109' title='bbox 879 2565 1021 2650; x_wconf 72' lang='lat' dir='ltr'>foetus.</span> 
     </span>
    </p>
   </div>
   <div class='ocr_carea' id='block_1_3' title="bbox 63 2810 1552 4580">
    <p class='ocr_par' dir='ltr' id='par_1_3' title="bbox 63 2810 1552 4475">
     <span class='ocr_line' id='line_1_17' title="bbox 254 2810 1552 2922; baseline 0.004 -11"><span class='ocrx_word' id='word_1_110' title='bbox 254 2827 384 2911; x_wconf 87' lang='lat' dir='ltr'>Pauca</span> <span class='ocrx_word' id='word_1_111' title='bbox 415 2821 546 2912; x_wconf 83' lang='lat' dir='ltr'>adltut</span> <span class='ocrx_word' id='word_1_112' title='bbox 579 2823 701 2912; x_wconf 83' lang='lat' dir='ltr'>verba</span> <span class='ocrx_word' id='word_1_113' title='bbox 734 2827 876 2913; x_wconf 82' lang='lat' dir='ltr'>addere</span> <span class='ocrx_word' id='word_1_114' title='bbox 907 2823 1028 2912; x_wconf 89' lang='lat' dir='ltr'>liceat</span> <span class='ocrx_word' id='word_1_115' title='bbox 1060 2825 1109 2912; x_wconf 90' lang='lat' dir='ltr'>de</span> <span class='ocrx_word' id='word_1_116' title='bbox 1157 2815 1224 2909; x_wconf 82' lang='lat' dir='ltr'>hia</span> <span class='ocrx_word' id='word_1_117' title='bbox 1275 2810 1433 2910; x_wconf 73' lang='lat' dir='ltr'>aniane</span> <span class='ocrx_word' id='word_1_118' title='bbox 1456 2831 1552 2922; x_wconf 76' lang='lat' dir='ltr'>loeti</span> 
     </span>
     <span class='ocr_line' id='line_1_18' title="bbox 81 2950 1528 3068; baseline -0.001 -28"><span class='ocrx_word' id='word_1_119' title='bbox 81 2953 289 3060; x_wconf 81' lang='lat' dir='ltr'>gemellis</span> <span class='ocrx_word' id='word_1_120' title='bbox 323 2957 437 3064; x_wconf 81' lang='lat' dir='ltr'>priua</span> <span class='ocrx_word' id='word_1_121' title='bbox 468 2979 593 3068; x_wconf 88' lang='lat' dir='ltr'>quam</span> <span class='ocrx_word' id='word_1_122' title='bbox 624 2955 673 3038; x_wconf 90' lang='lat' dir='ltr'>ad</span> <span class='ocrx_word' id='word_1_123' title='bbox 704 2955 886 3047; x_wconf 86' lang='lat' dir='ltr'>nostrum</span> <span class='ocrx_word' id='word_1_124' title='bbox 922 2955 1120 3040; x_wconf 89' lang='lat' dir='ltr'>transeam</span> <span class='ocrx_word' id='word_1_125' title='bbox 1138 2950 1365 3060; x_wconf 86' lang='lat' dir='ltr'>gemellise·</span> <span class='ocrx_word' id='word_1_126' title='bbox 1382 2963 1528 3017; x_wconf 72' lang='lat' dir='ltr'><strong>⁰¹¹⁰f¹¹¹¹¹</strong></span> 
     </span>
     <span class='ocr_line' id='line_1_19' title="bbox 76 3043 1544 3219; baseline -0.001 -53"><span class='ocrx_word' id='word_1_127' title='bbox 76 3105 214 3170; x_wconf 86' lang='lat' dir='ltr'>rum.</span> <span class='ocrx_word' id='word_1_128' title='bbox 278 3080 482 3195; x_wconf 84' lang='lat' dir='ltr'>Quamuis</span> <span class='ocrx_word' id='word_1_129' title='bbox 512 3109 594 3168; x_wconf 91' lang='lat' dir='ltr'>non</span> <span class='ocrx_word' id='word_1_130' title='bbox 620 3069 725 3168; x_wconf 89' lang='lat' dir='ltr'>adeo</span> <span class='ocrx_word' id='word_1_131' title='bbox 757 3107 898 3170; x_wconf 88' lang='lat' dir='ltr'>rarum</span> <span class='ocrx_word' id='word_1_132' title='bbox 932 3083 984 3167; x_wconf 92' lang='lat' dir='ltr'>srt</span> <span class='ocrx_word' id='word_1_133' title='bbox 1015 3081 1216 3168; x_wconf 84' lang='lat' dir='ltr'>offendere</span> <span class='ocrx_word' id='word_1_134' title='bbox 1265 3043 1544 3219; x_wconf 51' lang='grc' dir='ltr'>ὴαεεξζέθῃο·</span> 
     </span>
     <span class='ocr_line' id='line_1_20' title="bbox 75 3197 1463 3323; baseline 0 -29"><span class='ocrx_word' id='word_1_135' title='bbox 75 3225 183 3294; x_wconf 86' lang='lat' dir='ltr'>oua</span> <span class='ocrx_word' id='word_1_136' title='bbox 214 3210 419 3318; x_wconf 84' lang='lat' dir='ltr'>gemella,</span> <span class='ocrx_word' id='word_1_137' title='bbox 453 3235 582 3323; x_wconf 85' lang='lat' dir='ltr'>neque</span> <span class='ocrx_word' id='word_1_138' title='bbox 616 3209 829 3298; x_wconf 80' lang='lat' dir='ltr'>Haruartrs</span> <span class='ocrx_word' id='word_1_139' title='bbox 858 3231 993 3296; x_wconf 89' lang='lat' dir='ltr'>tamen</span> <span class='ocrx_word' id='word_1_140' title='bbox 1010 3233 1139 3318; x_wconf 90' lang='lat' dir='ltr'>neque</span> <span class='ocrx_word' id='word_1_141' title='bbox 1156 3209 1367 3296; x_wconf 82' lang='lat' dir='ltr'>Fabrrciur</span> <span class='ocrx_word' id='word_1_142' title='bbox 1453 3197 1463 3216; x_wconf 73' lang='lat'><em>⁰</em></span> 
     </span>
     <span class='ocr_line' id='line_1_21' title="bbox 75 3335 1364 3452; baseline 0.002 -32"><span class='ocrx_word' id='word_1_143' title='bbox 75 3338 140 3420; x_wconf 88' lang='lat' dir='ltr'>ab</span> <span class='ocrx_word' id='word_1_144' title='bbox 200 3338 483 3452; x_wconf 81' lang='lat' dir='ltr'>Aquapeadente</span> <span class='ocrx_word' id='word_1_145' title='bbox 530 3360 658 3447; x_wconf 84' lang='lat' dir='ltr'>neque</span> <span class='ocrx_word' id='word_1_146' title='bbox 685 3337 922 3451; x_wconf 87' lang='lat' dir='ltr'>quisquam</span> <span class='ocrx_word' id='word_1_147' title='bbox 958 3335 1088 3442; x_wconf 85' lang='lat' dir='ltr'>alius,</span> <span class='ocrx_word' id='word_1_148' title='bbox 1118 3337 1227 3446; x_wconf 90' lang='lat' dir='ltr'>quod</span> <span class='ocrx_word' id='word_1_149' title='bbox 1258 3337 1364 3442; x_wconf 85' lang='lat' dir='ltr'>scio,</span> 
     </span>
     <span class='ocr_line' id='line_1_22' title="bbox 67 3461 1363 3576; baseline 0.001 -29"><span class='ocrx_word' id='word_1_150' title='bbox 67 3463 240 3547; x_wconf 85' lang='lat' dir='ltr'>eadem</span> <span class='ocrx_word' id='word_1_151' title='bbox 291 3467 508 3569; x_wconf 82' lang='lat' dir='ltr'>incohata,</span> <span class='ocrx_word' id='word_1_152' title='bbox 554 3487 781 3576; x_wconf 84' lang='lat' dir='ltr'>eorumque</span> <span class='ocrx_word' id='word_1_153' title='bbox 827 3467 960 3550; x_wconf 87' lang='lat' dir='ltr'>foetus</span> <span class='ocrx_word' id='word_1_154' title='bbox 1007 3467 1127 3548; x_wconf 77' lang='lat' dir='ltr'>uidit.</span> <span class='ocrx_word' id='word_1_155' title='bbox 1212 3461 1363 3576; x_wconf 88' lang='lat' dir='ltr'>Neque</span> 
     </span>
     <span class='ocr_line' id='line_1_23' title="bbox 68 3589 1365 3701; baseline 0 -25"><span class='ocrx_word' id='word_1_156' title='bbox 68 3589 179 3676; x_wconf 82' lang='lat' dir='ltr'>hoc</span> <span class='ocrx_word' id='word_1_157' title='bbox 200 3593 356 3673; x_wconf 91' lang='lat' dir='ltr'>mirum</span> <span class='ocrx_word' id='word_1_158' title='bbox 390 3591 456 3690; x_wconf 79' lang='lat' dir='ltr'>est.</span> <span class='ocrx_word' id='word_1_159' title='bbox 495 3589 593 3676; x_wconf 91' lang='lat' dir='ltr'>Non</span> <span class='ocrx_word' id='word_1_160' title='bbox 626 3594 767 3676; x_wconf 86' lang='lat' dir='ltr'>omnia</span> <span class='ocrx_word' id='word_1_161' title='bbox 795 3593 909 3697; x_wconf 75' lang='lat' dir='ltr'>enim</span> <span class='ocrx_word' id='word_1_162' title='bbox 942 3611 1021 3674; x_wconf 90' lang='lat' dir='ltr'>oua</span> <span class='ocrx_word' id='word_1_163' title='bbox 1053 3592 1222 3677; x_wconf 84' lang='lat' dir='ltr'>fecunda</span> <span class='ocrx_word' id='word_1_164' title='bbox 1259 3593 1365 3701; x_wconf 66' lang='lat' dir='ltr'>sunta</span> 
     </span>
     <span class='ocr_line' id='line_1_24' title="bbox 65 3718 1360 3830; baseline 0.001 -26"><span class='ocrx_word' id='word_1_165' title='bbox 65 3743 181 3804; x_wconf 88' lang='lat' dir='ltr'>non</span> <span class='ocrx_word' id='word_1_166' title='bbox 224 3718 368 3803; x_wconf 85' lang='lat' dir='ltr'>omnia</span> <span class='ocrx_word' id='word_1_167' title='bbox 420 3719 662 3803; x_wconf 89' lang='lat' dir='ltr'>incubationi</span> <span class='ocrx_word' id='word_1_168' title='bbox 712 3737 1006 3830; x_wconf 85' lang='lat' dir='ltr'>exponuntur,</span> <span class='ocrx_word' id='word_1_169' title='bbox 1055 3743 1135 3804; x_wconf 89' lang='lat' dir='ltr'>non</span> <span class='ocrx_word' id='word_1_170' title='bbox 1182 3722 1360 3822; x_wconf 82' lang='lat' dir='ltr'>omnia,</span> 
     </span>
     <span class='ocr_line' id='line_1_25' title="bbox 65 3845 1363 3959; baseline 0.003 -31"><span class='ocrx_word' id='word_1_171' title='bbox 65 3871 202 3958; x_wconf 86' lang='lat' dir='ltr'>quae</span> <span class='ocrx_word' id='word_1_172' title='bbox 235 3846 487 3932; x_wconf 88' lang='lat' dir='ltr'>incubationi</span> <span class='ocrx_word' id='word_1_173' title='bbox 538 3847 705 3931; x_wconf 74' lang='lat' dir='ltr'>subiecta</span> <span class='ocrx_word' id='word_1_174' title='bbox 761 3847 884 3954; x_wconf 86' lang='lat' dir='ltr'>sunt,</span> <span class='ocrx_word' id='word_1_175' title='bbox 933 3845 1174 3959; x_wconf 88' lang='lat' dir='ltr'>aperiuntur</span> <span class='ocrx_word' id='word_1_176' title='bbox 1224 3865 1266 3931; x_wconf 91' lang='lat' dir='ltr'>et</span> <span class='ocrx_word' id='word_1_177' title='bbox 1314 3847 1363 3932; x_wconf 86' lang='lat' dir='ltr'>ad</span> 
     </span>
     <span class='ocr_line' id='line_1_26' title="bbox 63 3972 1520 4088; baseline -0.001 -24"><span class='ocrx_word' id='word_1_178' title='bbox 63 3997 272 4064; x_wconf 82' lang='lat' dir='ltr'>examen</span> <span class='ocrx_word' id='word_1_179' title='bbox 324 3993 534 4059; x_wconf 82' lang='lat' dir='ltr'>vocantur.</span> <span class='ocrx_word' id='word_1_180' title='bbox 622 3972 796 4088; x_wconf 81' lang='lat' dir='ltr'>Quando</span> <span class='ocrx_word' id='word_1_181' title='bbox 849 3996 948 4062; x_wconf 80' lang='lat' dir='ltr'>vero</span> <span class='ocrx_word' id='word_1_182' title='bbox 986 3973 1092 4086; x_wconf 91' lang='lat' dir='ltr'>pulli</span> <span class='ocrx_word' id='word_1_183' title='bbox 1125 3972 1361 4061; x_wconf 88' lang='lat' dir='ltr'>naturaliter</span> <span class='ocrx_word' id='word_1_184' title='bbox 1490 3993 1520 4052; x_wconf 84' lang='grc'>·.</span> 
     </span>
     <span class='ocr_line' id='line_1_27' title="bbox 66 4099 1359 4213; baseline 0 -25"><span class='ocrx_word' id='word_1_185' title='bbox 66 4099 255 4188; x_wconf 81' lang='lat' dir='ltr'>exclusi</span> <span class='ocrx_word' id='word_1_186' title='bbox 279 4101 412 4208; x_wconf 85' lang='lat' dir='ltr'>sunt,</span> <span class='ocrx_word' id='word_1_187' title='bbox 446 4122 540 4186; x_wconf 92' lang='lat' dir='ltr'>tum</span> <span class='ocrx_word' id='word_1_188' title='bbox 574 4099 681 4188; x_wconf 88' lang='lat' dir='ltr'>haud</span> <span class='ocrx_word' id='word_1_189' title='bbox 719 4128 843 4213; x_wconf 91' lang='lat' dir='ltr'>porro</span> <span class='ocrx_word' id='word_1_190' title='bbox 875 4100 971 4186; x_wconf 90' lang='lat' dir='ltr'>scire</span> <span class='ocrx_word' id='word_1_191' title='bbox 994 4101 1097 4188; x_wconf 88' lang='lat' dir='ltr'>litet</span> <span class='ocrx_word' id='word_1_192' title='bbox 1125 4102 1359 4188; x_wconf 82' lang='lat' dir='ltr'>cuiusmodi</span> 
     </span>
     <span class='ocr_line' id='line_1_28' title="bbox 63 4227 1357 4342; baseline -0.004 -23"><span class='ocrx_word' id='word_1_193' title='bbox 63 4253 231 4319; x_wconf 88' lang='lat' dir='ltr'>ouum</span> <span class='ocrx_word' id='word_1_194' title='bbox 263 4227 409 4335; x_wconf 87' lang='lat' dir='ltr'>suerit,</span> <span class='ocrx_word' id='word_1_195' title='bbox 441 4255 493 4314; x_wconf 81' lang='lat' dir='ltr'>ex</span> <span class='ocrx_word' id='word_1_196' title='bbox 525 4253 609 4342; x_wconf 92' lang='lat' dir='ltr'>quo</span> <span class='ocrx_word' id='word_1_197' title='bbox 642 4228 742 4341; x_wconf 90' lang='lat' dir='ltr'>pulli</span> <span class='ocrx_word' id='word_1_198' title='bbox 777 4229 1030 4342; x_wconf 87' lang='lat' dir='ltr'>prodierunt.</span> <span class='ocrx_word' id='word_1_199' title='bbox 1068 4231 1168 4322; x_wconf 87' lang='lat' dir='ltr'>Inde</span> <span class='ocrx_word' id='word_1_200' title='bbox 1204 4235 1357 4319; x_wconf 75' lang='lat' dir='ltr'>saelum</span> 
     </span>
     <span class='ocr_line' id='line_1_29' title="bbox 63 4357 1358 4475; baseline -0.006 -25"><span class='ocrx_word' id='word_1_201' title='bbox 63 4363 132 4453; x_wconf 80' lang='lat' dir='ltr'>est</span> <span class='ocrx_word' id='word_1_202' title='bbox 176 4421 197 4471; x_wconf 87' lang='lat'>,</span> <span class='ocrx_word' id='word_1_203' title='bbox 252 4377 301 4444; x_wconf 81' lang='lat' dir='ltr'>vt</span> <span class='ocrx_word' id='word_1_204' title='bbox 332 4359 367 4450; x_wconf 80' lang='lat' dir='ltr'>F</span> <span class='ocrx_word' id='word_1_205' title='bbox 368 4359 532 4446; x_wconf 78' lang='lat' dir='ltr'>ebrinus</span> <span class='ocrx_word' id='word_1_206' title='bbox 584 4375 627 4444; x_wconf 93' lang='lat' dir='ltr'>et</span> <span class='ocrx_word' id='word_1_207' title='bbox 679 4357 900 4445; x_wconf 69' lang='lat' dir='ltr'>Hortatur</span> <span class='ocrx_word' id='word_1_208' title='bbox 918 4359 1146 4448; x_wconf 76' lang='lat' dir='ltr'>ardennam</span> <span class='ocrx_word' id='word_1_209' title='bbox 1176 4362 1358 4475; x_wconf 77' lang='lat' dir='ltr'>respedtu</span> 
     </span>
    </p>

    <p class='ocr_par' dir='ltr' id='par_1_4' title="bbox 583 4487 1469 4580">
     <span class='ocr_line' id='line_1_30' title="bbox 583 4487 1469 4580; baseline -0.007 0"><span class='ocrx_word' id='word_1_210' title='bbox 583 4487 869 4580; x_wconf 65' lang='lat' dir='ltr'>*Mmmr</span> <span class='ocrx_word' id='word_1_211' title='bbox 1273 4491 1469 4574; x_wconf 60' lang='lat' dir='ltr'>m·&#39;</span> 
     </span>
    </p>
   </div>
   <div class='ocr_carea' id='block_1_4' title="bbox 0 0 2104 5617">
    <p class='ocr_par' dir='ltr' id='par_1_5' title="bbox 0 0 2104 5617">
     <span class='ocr_line' id='line_1_31' title="bbox 0 0 2104 5617; baseline 0 7"><span class='ocrx_word' id='word_1_212' title='bbox 0 0 2104 5617; x_wconf 95' lang='lat' dir='ltr'> </span> 
     </span>
    </p>
   </div>
  </div>
 </body>
</html>
