4200 5617
294 540 566 642 MOTVS
629 544 1145 646 FLVIDORVM·
1265 576 1354 654 aar

115 779 169 872 nb
195 776 260 862 his
292 799 433 866 autem
469 778 729 892 prtllionibua
761 803 886 893 neque
927 781 1203 895 praecedentes
1232 804 1362 897 nequa

113 913 300 1020 equentes
332 909 421 994 rllo
454 916 580 996 modo
608 912 794 1018 pendent.
890 945 892 948 ·

506 1163 940 1312 Scholion,

250 1433 322 1518 57.
356 1412 476 1499 Dum
510 1409 579 1502 hic
613 1416 791 1502 fluidum
824 1415 906 1504 vafi
939 1411 1143 1504 inclusum
1185 1433 1228 1504 et
1274 1441 1354 1531 ope

102 1543 246 1628 araboli
281 1550 324 1632 vi
358 1567 597 1657 quacunque
631 1551 769 1654 trgcri
800 1547 1060 1656 concipitur,
1105 1550 1246 1656 perse
1290 1552 1356 1628 in-

102 1671 340 1781 telligitur,
373 1670 446 1756 nisr
481 1697 549 1774 vas
599 1677 640 1758 in
690 1677 762 1759 suo
812 1673 904 1760 loco
954 1675 1004 1758 lit
1053 1675 1264 1778 affixum,
1311 1672 1361 1758 id

94 1807 235 1910 quouis
282 1817 498 1887 momento
545 1803 690 1888 talibus
740 1805 896 1886 viribus
948 1803 1128 1886 sustineri
1184 1801 1357 1908 debere,

93 1951 196 2036 qnae
225 1931 265 2014 ei
315 1935 358 2014 in
408 1932 547 2037 quiete
596 1929 841 2016 continendo
893 1931 1127 2036 sufficianr3
1173 1929 1357 2040 alioquin

89 2064 206 2138 talus
233 2079 332 2140 cum
381 2053 593 2166 hypothesi
642 2055 808 2144 alsumta
842 2083 924 2143 non
968 2061 1218 2164 conueniret.
1291 2059 1355 2142 At

86 2185 206 2266 rires
259 2183 350 2271 iliae
393 2207 582 2269 externae
633 2207 753 2288 aeque
803 2211 948 2298 parum
1009 2203 1129 2293 atque
1176 2208 1222 2268 ea
1275 2205 1354 2294 qua

84 2309 275 2394 embolus
326 2313 542 2422 adigitur,
619 2313 660 2402 in
711 2313 905 2402 formulas
956 2315 1106 2400 nostras
1167 2310 1359 2398 differen-

83 2440 207 2524 tiales
260 2443 576 2548 ingrediuntur,
622 2445 817 2555 quoniam
869 2442 1016 2530 directe
1048 2460 1215 2529 motum
1261 2465 1356 2548 par·

81 2567 310 2652 titulatum
379 2567 498 2659 fluidi
568 2593 649 2656 non
729 2575 947 2678 afficiunt,
1013 2571 1112 2657 dum
1176 2567 1357 2676 fingulaa

78 2715 252 2782 rantum
288 2721 309 2782 a
342 2701 498 2784 viribus
530 2699 779 2784 naturalibus
811 2701 862 2808 P,
894 2699 967 2814 Q,
1002 2701 1039 2786 R
1073 2719 1117 2784 et
1158 2696 1379 2824 preffioneo

75 2828 391 2914 sollicztantur:
444 2850 592 2912 nerum
644 2830 919 2934 integratione
968 2830 1141 2912 demum
1196 2825 1353 2938 peranda

69 2958 308 3044 functiones
326 2957 420 3040 illae
450 2954 683 3040 arbitrariae
713 2981 786 3064 per
817 2959 1107 3060 integrationes
1141 2955 1185 3038 in
1216 2941 1378 3069 calcup'

69 3085 178 3172 lum
220 3089 469 3172 introductae
500 3085 553 3168 ad¹
581 3082 672 3166 illas
711 3089 819 3168 vires
866 3103 1083 3190 externas,
1132 3107 1354 3190 omnesque

62 3213 183 3298 alias
233 3215 553 3300 circumstantias
602 3217 903 3298 accommodari
959 3211 1115 3298 debent.
1229 3211 1351 3306 Viret

52 3359 279 3426 externae
324 3365 458 3430 autern
489 3341 667 3456 duplicis
701 3343 794 3428 sunt
827 3345 985 3448 generis
1000 3332 1177 3451 quarum
1201 3338 1377 3459 alterae¹

52 3465 223 3559 solum
255 3492 355 3576 vas,
387 3493 580 3578 tanquam
617 3495 763 3582 corpus
799 3469 972 3550 solidum
1022 3487 1171 3576 tegent
1222 3491 1350 3573 neque

55 3597 223 3709 ipsum
257 3595 437 3682 fluidum
470 3596 680 3684 afficiunt:
713 3595 860 3680 alterne
890 3617 991 3682 tero
1022 3593 1150 3702 quali
1185 3593 1351 3680 embolo

59 3725 312 3837 applicatae
347 3723 468 3808 timul
504 3723 680 3824 fluidum
721 3739 1045 3833 premunt‚‚et
1096 3743 1167 3806 aar
1214 3720 1351 3830 ipsum

60 3853 256 3970 perinde
292 3867 417 3958 atque
451 3847 545 3936 illae
585 3850 815 3938 sollicitant.
864 3851 1070 3943 Praeterea
1089 3873 1191 3934 vero
1222 3849 1350 3938 etiam

60 4006 143 4075 aas
187 3979 324 4087 ipsum
357 4002 381 4059 a
412 3977 567 4062 vinbus
599 3979 656 4086 P,
691 3979 763 4094 Q,
794 3979 832 4068 R
864 3981 1031 4064 eandem
1068 3979 1230 4068 sustinet
1256 3977 1348 4064 vina

58 4135 108 4196 ac
151 4107 190 4196 li
229 4129 327 4192 cum
360 4102 492 4188 fluido
523 4133 655 4194 vnum
688 4131 835 4220 corpus
866 4103 1040 4192 solidum
1073 4105 1370 4211 constitueret„

59 4235 316 4343 earumque
346 4232 495 4320 actioni
540 4235 636 4319 effer
684 4236 948 4350 exposrttttnr
996 4256 1049 4322 ex
1100 4258 1185 4342 quo
1232 4230 1347 4326 facila

61 4364 317 4470 intelligere
340 4358 431 4446 licet
449 4365 608 4466 quantia
624 4365 781 4457 viribus
796 4387 896 4479 opus
928 4360 978 4452 stt
996 4362 1042 4456 ad
1060 4385 1131 4452 tas
1148 4363 1191 4454 in
1210 4362 1348 4479 quiete

132 4487 716 4590 Tom‚XlV.Nou.Comm.
906 4487 972 4584 St
1243 4509 1349 4581 con·
