4200 5617
202 516 381 611 0va
413 505 676 610 SIMPLEX
707 501 1207 609 cumulmruxvnl.
1255 533 1356 625 457

96 751 340 862 Plerumque
371 747 502 836 solitis
535 748 693 834 maiora
724 747 847 850 sunt,
895 757 945 828 vt
974 769 1026 832 ex
1057 741 1255 855 lingulati
1285 747 1354 834 suu

93 879 405 992 magnitudine,
456 902 536 992 qua
586 877 773 964 anserinis
803 871 899 956 ouis
926 874 1010 958 fere
1040 877 1354 989 aequipollent,

92 1011 277 1122 suspicati
308 1006 461 1122 pollis,
490 1008 697 1122 duplicem
727 1004 770 1086 in
802 999 853 1086 iis
883 1005 1088 1088 contineri
1139 1005 1352 1092 vitellum.

92 1141 252 1225 Tamen
287 1139 416 1222 etiam
448 1140 561 1237 vidi,
613 1153 716 1243 quae
750 1129 858 1214 nihil
889 1131 1053 1218 solitam
1100 1135 1361 1242 magnitudi·.

90 1294 188 1354 nem
217 1267 486 1369 excedebant,
534 1263 725 1374 quamuis
756 1259 911 1372 duplici
958 1259 1108 1349 vitello
1157 1261 1354 1352 instructa

86 1399 271 1504 firerint3
317 1413 360 1477 et
402 1390 479 1476 alia
520 1413 682 1502 porro,
730 1411 834 1501 quae
865 1389 1035 1474 notabili
1069 1392 1364 1500 magnitudine

85 1529 123 1612 se
175 1519 511 1654 commendabant
556 1537 599 1602 ct
646 1515 807 1606 nonnill
855 1516 1029 1608 vnicum
1063 1525 1358 1609 tantummodo

86 1652 287 1738 vitellum
321 1648 592 1734 continebant,
688 1647 798 1737 llaec
828 1669 907 1734 oua
941 1663 1134 1760 tanquam
1172 1650 1357 1760 duplicia

83 1778 375 1868 confidcrauda
404 1775 478 1864 elle
509 1775 733 1880 existimo,
777 1791 835 1872 et,
849 1779 987 1862 vocari
1027 1779 1168 1885 potius
1213 1779 1357 1865 debere

75 1909 269 2020 gemella
299 1929 411 2006 oua,
441 1929 567 2016 quam
600 1901 844 2012 gemellifica
883 1903 953 1990 vel
985 1905 1271 2012 gemellifem3
1301 1903 1357 1994 fi·

79 2041 264 2152 quidem
293 2033 465 2118 vitellus
498 2036 664 2147 proprie
694 2054 828 2118 ouum
857 2031 1109 2140 eonstituit,
1140 2036 1213 2142 qui
1245 2029 1357 2118 solus

76 2169 131 2252 in
171 2165 314 2251 ouario
344 2162 481 2248 existit
513 2163 632 2246 etin
665 2179 786 2249 vtcro
813 2163 990 2272 denique
1021 2163 1230 2248 albumine
1268 2164 1358 2246 cin·

74 2297 227 2403 gitur,
256 2293 469 2403 crustaque
499 2291 566 2375 sua
599 2293 764 2380 testacea
796 2291 1024 2380 obducitur.
1088 2289 1241 2405 Quodb
1273 2291 1357 2398 igi·

74 2445 152 2508 tur
189 2425 274 2508 duo
305 2417 542 2520 vitellihis
567 2422 661 2505 ouis
711 2421 878 2526 insuite
922 2443 1002 2508 oua
1048 2417 1237 2531 duplicia
1285 2417 1358 2504 vel

70 2551 295 2662 gemella,
347 2546 457 2634 haud
486 2573 590 2634 vero
620 2545 868 2658 gemellifica
898 2550 1009 2636 recte
1035 2551 1178 2634 vocari
1210 2547 1356 2634 videa·

70 2701 189 2786 tur;
223 2702 354 2790 quum
389 2678 559 2790 quilibet
591 2679 746 2776 horum
777 2673 1027 2764 vitellorum
1043 2673 1204 2765 nonnisi
1220 2697 1355 2762 vnum
1418 2677 1426 2692 “

70 2811 385 2898 tantummodo
412 2811 544 2896 fetum
575 2807 784 2918 producit.

242 3063 428 3156 Cladota
456 3059 557 3150 baec
588 3063 731 3150 omnia
762 3070 976 3171 suadent,
1022 3053 1071 3146 li'
1103 3062 1156 3150 ad
1207 3081 1354 3151 ortum
1368 3069 1527 3150 oromm

62 3189 242 3302 horum
274 3217 452 3281 ouorurn
486 3191 704 3304 respicias,
752 3197 825 3305 qui
858 3194 969 3278 haud
1000 3191 1176 3279 difficilis
1230 3173 1531 3278 intel-gemm·

64 3322 237 3426 ledbu,
263 3347 334 3408 nec
365 3317 456 3406 vllo
489 3325 615 3406 modo
646 3321 790 3408 dubius
822 3323 897 3408 else
934 3319 1112 3407 videtur.
1183 3295 1567 3470 constatssmgffi

62 3450 296 3532 nimirum
346 3448 631 3559 experientia,
680 3453 783 3534 nasci
813 3449 911 3534 haec
940 3473 1018 3532 oua
1050 3451 1296 3560 plerumque
1330 3471 1566 3557 ulfidsdffe

62 3576 262 3682 gallinis
295 3578 479 3659 maxime
511 3575 721 3679 fecundis,
771 3595 900 3662 aetate
942 3577 1171 3660 iunioribus
1201 3596 1243 3661 et
1274 3577 1481 3692 lasfrertit.
1560 3571 1566 3577 ’

62 3707 203 3791 riuis.
301 3701 446 3816 Quum
479 3702 684 3788 albumina
719 3723 763 3790 et
793 3707 910 3790 testae
943 3726 1125 3790 ouorum
1158 3707 1204 3823 ip
1236 3723 1356 3792 utero

62 3835 263 3920 demum
296 3829 447 3916 vitellis
480 3833 699 3936 addantur,
729 3831 948 3944 vitellique
981 3835 1023 3916 in
1056 3835 1204 3917 ouario
1232 3853 1277 3923 et
1308 3836 1380 3918 in·

62 3979 184 4046 toto
216 3958 408 4042 ouidud‘tu
442 3984 668 4071 nunquam,
695 3958 769 4046 nist
803 3962 932 4068 nudi,
966 3963 1259 4066 inueniunturp
1287 3979 1380 4048 ne··

62 4089 196 4176 ress'e
227 4088 310 4192 est,
360 4089 462 4173 dum
496 4115 573 4176 oua
604 4089 782 4196 gemella
815 4093 1128 4205 producuntur,
1177 4107 1227 4174 vt
1265 4082 1354 4174 bini

62 4238 241 4306 eorum
272 4217 406 4303 vitelli
440 4217 483 4298 in
514 4219 660 4312 oratio
692 4223 857 4328 quidem
893 4241 1013 4330 atque
1059 4221 1103 4301 iu
1152 4217 1351 4303 ouidudbu
1475 4224 1505 4254 ‘

62 4347 270 4466 perfecie
304 4343 533 4432 adhucdum
565 4350 789 4456 separatia
822 4350 859 4434 se
890 4349 1352 4449 inuicemexstiterint,

139 4471 717 4565 Tom.XlV.Nou.Comm.
835 4477 1009 4566 Mmm
1188 4478 1352 4584 duoque
1407 4529 1415 4558 1
