4200 5617
635 548 698 649 eu
1043 528 1161 637 »ue
1192 526 1210 638 <
1243 558 1272 621 0
1306 522 1322 643 )
1353 533 1470 643 ete«

633 764 674 851 in
705 776 871 869 utruque
903 751 1061 841 maxilla
1110 754 1398 856 cuneisormibus
1440 754 1598 868 planis·;
1645 755 1763 859 rostro
1808 773 1901 872 pm.

633 887 847 991 boscum,
878 883 1034 996 pedibus
1060 883 1357 992 peutadniiyli53
1388 884 1569 969 auriculis
1597 886 1788 993 caudaque
1820 891 1903 975 nul-
1956 966 1964 981 ,

633 1016 696 1103 liu
777 1012 993 1099 Effentiam
1052 1007 1292 1096 chanueris
1325 1009 1450 1093 huius
1478 999 1654 1118 generici
1689 1014 1825 1122 itaque
1859 1021 1902 1100 in

636 1143 821 1229 dentium
854 1142 1112 1249 ‘primorum
1152 1139 1282 1252 figura
1315 1143 1464 1258 ponit,
1515 1164 1587 1224 nec
1623 1134 1687 1223 Ci.
1721 1144 1902 1251 Aueiori

637 1298 670 1365 a·
692 1272 873 1355 veritate·
897 1266 1077 1350 alienum
1110 1270 1305 1372 uidetur,
1355 1264 1599 1377 Spalucem‚
1649 1268 1721 1349 cui
1754 1277 1904 1355 nomeu

543 1432 551 1445 ·
634 1396 805 1488 triuiale
836 1391 1159 1507 Microphmimus
1190 1398 1331 1500 dedit,
1365 1396 1522 1506 Talnam
1555 1419 1627 1479 uer
1640 1394 1809 1478 noiurem
1830 1398 1905 1481 effe

635 1532 772 1631 iehan,
821 1546 944 1637 quam
997 1520 1070 1606 Ili.
1119 1523 1294 1611 uLinne
1326 1522 1482 1637 Tulpum
1512 1524 1735 1610 ecaudamm
1760 1525 1904 1640 palmis

637 1654 852 1767 videbistis
886 1651 1162 1759 nominauit„
1887 1658 1891 1668 '

789 1878 1163 1987 Singulariffimum
1198 1882 1287 1985 eii,
1333 1883 1445 1965 etin
1478 1880 1644 1965 historin
1675 1882 1906 1991 quadrupe·

636 2008 740 2097 dum
774 2036 836 2097 res
868 2012 1079 2115 inaudita,
1129 2012 1235 2119 quod
1277 2010 1365 2096 visu
1419 2010 1537 2117 piane
1584 2029 1717 2115 cureat.
1755 2011 1907 2118 Spalax

639 2141 791 2225 noster:
824 2122 929 2222 nulli
960 2140 1074 2223 enim
1108 2137 1221 2223 oculi
1266 2163 1336 2247 per
1364 2155 1501 2223 eutem
1552 2157 1781 2247 apparent3
1830 2162 1904 2223 nec

638 2265 779 2354 ullum
812 2266 1024 2351 foraminis
1058 2266 1281 2375 vestigium
1309 2268 1358 2351 -in
1392 2287 1486 2383 cute
1516 2287 1641 2375 caput
1692 2265 1906 2373 obtegente

640 2395 924 2501 detegendum.
976 2394 1164 2501 Spatium
1202 2416 1349 2479 tumenx
1373 2398 1482 2478 inter
1513 2392 1742 2501 apophyfin
1776 2408 1906 2497 zygo-

640 2527 833 2613 mutinam
867 2520 956 2607 offis
989 2518 1220 2607 munilinris
1256 2541 1299 2603 et
1332 2525 1438 2606 inter
1490 2506 1722 2605 muiculum
1771 2541 1905 2605 crota·
1953 2586 1957 2593 .

640 2646 822 2761 phytem
855 2668 1028 2754 occupat
1062 2645 1414 2755 conglomeratum
1447 2648 1651 2754 quoddam
1686 2650 1907 2755 glandulo-

640 2777 767 2878 sum,
798 2774 1004 2881 liquidum
1039 2773 1330 2881 spiffiuiculum
1365 2773 1459 2885 puri
1502 2771 1691 2858 laudabili
1737 2773 1909 2859 {imini-

641 2927 796 3002 mum,
825 2902 866 2983 in
900 2898 1058 2983 cellulis
1087 2904 1327 3001 continens3
1377 2921 1518 2985 centro
1570 2903 1692 2988 huius
1741 2904 1912 3011 conglo-

643 3030 788 3114 merati
823 3052 893 3134 per
924 3026 1183 3114 celiuioiam'
1211 3027 1381 3113 adharet
1426 3027 1566 3111 oculus
1614 3034 1906 3143 corpusculum

642 3159 877 3263 nigricans,
908 3154 1158 3260 globosum,
1189 3160 1263 3237 nix
1296 3154 1446 3235 semine
1479 3161 1726 3265 papauerino
1758 3164 1908 3266 maius,

643 3278 1127 3397 anticesubpellucidum
1160 3283 1338 3365 nitidum
1373 3284 1581 3384 referens,
1629 3289 1806 3396 inquo
1856 3291 1906 3373 ob

644 3406 867 3493 minutiem
902 3432 973 3491 nec
1007 3408 1167 3531 pupilia
1202 3408 1490 3520 neciiquores
1517 3414 1686 3499 discerni
1734 3440 1904 3526 queunt.

645 3533 904 3623 Anomulum
941 3537 1072 3642 igitur
1107 3537 1216 3619 hunc
1249 3538 1324 3619 effe
1356 3540 1558 3647 oculum,
1587 3568 1657 3627 nec
1688 3544 1736 3628 ad
1769 3552 1904 3628 uisum

643 3666 896 3750 destinatum·
916 3665 1190 3771 unusquisque
1223 3662 1546 3772 animaduertit,
1587 3672 1784 3775 quoniam
1821 3696 1903 3755 non

643 3812 844 3895 tuntum,
877 3815 925 3870 vt
959 3792 1078 3896 supra
1108 3810 1482 3872 commemoratum
1507 3852 1532 3893 ,-
1567 3814 1782 3902 uppnrtura
1832 3822 1905 3905 put

641 3928 776 4003 eutem
809 3934 974 4031 careat,
1006 3918 1229 4005 sedetiam
1264 3917 1452 4005 musculo
1484 3920 1725 4033 subcutaneo
1766 3926 1903 4017 valido

622 4047 785 4132 'uestitu
818 4044 881 4132 fit.

2086 2719 2088 2766 i
