4200 5617
589 532 594 548 ‘
646 555 730 624 112
815 513 1119 617 EVOLVTIO
1150 499 1412 604 INSIGNIS
1442 503 1752 603 PARADOXI

642 761 754 852 Hinc
788 757 883 858 loco
910 775 1062 840 curuae
1096 746 1212 834 EM
1246 770 1323 859 pro
1363 743 1533 830 arbitrio
1584 741 1746 832 describi
1781 745 1910 859 potest

641 915 768 980 curua
804 885 927 993 Vn,
968 888 1017 968 ati
1065 903 1190 993 quam
1223 874 1372 962 sufficit
1429 876 1474 962 in
1523 873 1693 984 fingens
1744 881 1911 991 punsiis

643 1023 748 1124 V,u
780 1013 1023 1106 normaliter
1071 1007 1248 1094 eduxisse
1298 1005 1424 1088 restas
1471 1004 1601 1113 VO,
1633 1031 1742 1113 oo,
1791 1016 1909 1118 rupea

642 1151 787 1264 quibus
841 1147 1025 1258 deinceps
1073 1137 1281 1246 angulos,
1329 1159 1509 1243 quorum
1560 1155 1724 1242 tangens
1774 1149 1908 1248 zu,

644 1280 748 1386 erigi
781 1293 958 1386 oportet.
1023 1271 1132 1388 Hinc
1163 1290 1264 1377 ergo
1295 1263 1512 1375 colligitur
1549 1265 1716 1378 sequens
1763 1265 1907 1355 sacilli·

646 1433 718 1496 ma
758 1401 1018 1492 constructio.

646 1657 1012 1790 Construslio
1051 1663 1316 1784 omnium
1348 1653 1766 1828 superficierum
1796 1665 1911 1834 pla·

962 1869 1070 1956 nae
1112 1837 1583 2002 congruentium.

795 2089 840 2169 9.
871 2053 1004 2171 Super
1037 2059 1161 2176 plano
1191 2089 1270 2175 pro
1316 2061 1394 2148 bafi
1445 2061 1621 2150 assumto
1666 2063 1911 2154 describatur

649 2221 728 2310 pro
760 2193 895 2280 lubitu
929 2192 1037 2278 linea
1070 2217 1193 2283 curua
1228 2217 1483 2306 quaecunque
1520 2189 1687 2308 Bur,
1719 2201 1767 2284 ad
1797 2200 1913 2284 cuius

649 2325 809 2431 ungula
842 2323 991 2434 puncta
1028 2319 1062 2404 P
1093 2326 1137 2408 in
1172 2322 1295 2435 plano
1324 2322 1421 2408 brfis
1460 2325 1655 2410 ducantur
1707 2329 1911 2415 normales

648 2453 841 2574 PQY,
872 2453 1087 2539 euolutam
1122 2452 1235 2539 illius
1265 2449 1601 2568 curuare-CQG
1635 2473 1839 2564 tangentes
1871 2461 1915 2542 in

649 2583 707 2699 Q.
743 2585 808 2668 Ad
843 2584 1045 2692 punstum
1079 2587 1222 2670 autem
1270 2583 1314 2698 Q
1352 2579 1429 2666 ban
1480 2585 1721 2672 normaliter
1766 2585 1915 2673 inlillut

648 2711 760 2798 recia
794 2709 904 2827 QS,
932 2732 982 2799 ut
1012 2711 1063 2798 fit
1096 2711 1422 2830 QszuPQ
1454 2729 1547 2798 tum
1578 2717 1686 2802 resia
1720 2717 1793 2806 PS
1829 2733 1916 2803 tota

648 2842 733 2928 etit
766 2838 838 2926 fita
870 2841 913 2924 in
947 2841 1162 2954 superficie
1193 2841 1374 2955 quaefita.
1443 2841 1564 2928 llaec.
1596 2871 1701 2958 ergo
1731 2849 1918 2937 consttu-

651 2971 737 3057 stio
768 2968 898 3058 adhuc
931 2971 1096 3057 breuius
1126 2973 1420 3060 ita'enunciari
1453 2973 1608 3086 potest:
1700 2959 1703 2966 ’

812 3161 1027 3279 Descripta
1061 3169 1103 3252 in
1136 3163 1260 3276 plano
1280 3190 1358 3276 pro
1376 3163 1453 3248 bafi
1472 3165 1647 3251 assumto
1663 3171 1712 3254 ad
1728 3167 1917 3254 lubitum

650 3315 777 3381 curua
807 3321 1049 3409 quacunque
1078 3290 1247 3406 BPF,
1280 3299 1327 3378 ad
1367 3295 1453 3375 eius
1490 3289 1647 3397 singula
1699 3296 1851 3404 punsta
1884 3294 1919 3382 Ρ

650 3444 767 3509 extra
799 3424 908 3510 basin
941 3429 1164 3513 educantur
1211 3421 1345 3508 restae
1394 3437 1436 3502 et
1484 3425 1533 3504 ad
1584 3421 1687 3508 hanc
1738 3447 1915 3508 curuum

649 3553 854 3640 normales
884 3574 926 3641 et
957 3557 1005 3641 ad
1049 3555 1176 3666 ipsam
1226 3547 1331 3636 basrn
1382 3548 1599 3639 inclinatae
1646 3556 1715 3639 iub
1762 3533 1916 3658 angulo

649 3686 768 3767 cuius
800 3705 968 3794 tangens
999 3705 1070 3768 :a
1105 3703 1194 3764 tum
1228 3701 1374 3762 omnes
1405 3683 1500 3767 illae
1532 3683 1664 3766 restae
1697 3683 1741 3764 in
1774 3680 1915 3766 infini-

650 3830 746 3898 tum
780 3817 1000 3926 productae
1017 3829 1124 3899 totae
1143 3827 1265 3893 erunt
1282 3803 1380 3894 sitae
1399 3811 1441 3898 in
1459 3809 1671 3926 superficie
1688 3833 1914 3922 congruen-

565 3984 568 3988 Δ
630 3957 716 4055 te,
743 3943 915 4056 ideoque
947 3969 1039 4033 earn
1073 3937 1408 4030 determinabant.

790 4126 914 4225 Ratio
943 4133 1067 4218 huius
1097 4133 1407 4226 conllruslionis
1438 4137 1567 4221 etiam
1598 4165 1670 4251 per
1696 4137 1732 4220 se
1757 4139 1811 4224 eil
1831 4141 1918 4226 eui-

651 4269 774 4368 dens,
805 4293 899 4353 cum
934 4261 1045 4344 enim
1083 4289 1227 4349 omnes
1256 4268 1386 4352 restae
1418 4265 1485 4356 SP
1510 4272 1552 4350 in
1572 4265 1830 4388 superficiem
1848 4273 1916 4356 in·

649 4413 821 4517 rentem
868 4391 1011 4482 cadunt
1043 4417 1175 4511 eoque
1204 4397 1250 4484 in
1278 4421 1406 4486 curua
1436 4396 1574 4490 BPF
1610 4398 1915 4508 terminentur,

1789 4551 1916 4618 ruam
