4200 5617
639 524 701 597 20
1035 496 1154 607 υξοζξ
1183 487 1203 595 (
1232 515 1262 579 ο
1293 488 1319 602 )
1349 485 1467 597 ξ’ρξιι

639 724 789 849 polltae
819 718 1048 831 lnuessigari
1079 651 1276 823 debeant,
1307 731 1357 803 at
1394 738 1447 803 eo
1498 709 1584 829 lpm
1631 737 1715 804 nott
1762 714 1920 806 solum‘

642 860 849 967 utriusque
917 846 1103 936 methodi
1185 847 1393 934 contensua
1460 862 1729 957 exponatur,
1834 848 1898 934 sed

639 993 766 1075 etiem
806 995 1026 1093 appareat,
1070 971 1214 1090 quibus
1262 975 1306 1063 in
1355 968 1505 1063 cautus
1552 998 1637 1060 una
1679 972 1798 1062 alteri
1848 972 1902 1063 nt

638 1110 899 1233 praeferenda.

1010 1376 1018 1382 ·
1207 1316 1342 1445 VII.

639 1498 742 1633 De¹
797 1491 1103 1624 Partitione
1146 1482 1545 1616 Numetotum
1583 1488 1644 1611 in
1700 1457 1899 1656 partes

616 1717 619 1723 ·
719 1692 844 1793 tam
885 1701 1174 1808 numero,
1212 1696 1385 1823 quam
1428 1662 1611 1829 specie
1652 1657 1826 1785 datas.

781 1894 1046 2027 Austore
1088 1895 1158 2021 L.
1214 1891 1445 2043 Eulero,
1507 1932 1565 2061 p.
1625 1895 1786 2027 rot·

641 2136 953 2382 Mutunus,
985 2184 1067 2277 qua
1099 2150 1250 2249 illustr.
1284 2151 1409 2249 huius
1425 2156 1709 2251 dissertationis
1728 2156 1907 2272 Aulion,

791 2290 1019 2404 problema·
1032 2295 1082 2382 de
1122 2287 1342 2403 partitione
1373 2316 1648 2381 numerorum
1677 2282 1786 2379 olim
1819 2308 1904 2379 tra·

639 2419 799 2523 (lauit,
845 2427 973 2534 quum
997 2420 1055 2507 ita
1086 2416 1138 2505 lit
1167 2439 1435 2531 comparata.
1466 2440 1517 2507 vt
1554 2422 1682 2509 etiam
1730 2418 1780 2503 ad
1827 2419 1905 2507 alia

638 2540 895 2661 problemata
927 2540 1110 2634 soluenda
1151 2538 1331 2633 adhiberi
1379 2547 1529 2658 potiit,
1576 2541 1654 2631 hac
1699 2544 1906 2635 octafione

638 2696 732 2759 eam
763 2670 812 2757 ad
863 2668 1110 2760 solutionem
1155 2667 1422 2777 vulgatissimi
1477 2664 1769 2785 problematis,
1816 2696 1903 2786 quo

638 2798 852 2915 quaeritur
882 2816 986 2911 quot
1016 2792 1153 2885 modia
1179 2796 1297 2884 datus
1316 2817 1525 2909 numerus,
1553 2804 1648 2890 dato
1666 2802 1903 2892 aeliotarum

639 2948 819 3017 numero
848 2922 996 3043 proiiti
1045 2923 1195 3041 potiit,
1240 2927 1443 3041 applicare
1488 2925 1714 3017 constituit.
1794 2932 1903 3020 Haec

642 3072 782 3145 autem
819 3052 1000 3170 quaestio
1038 3052 1278 3167 generaliter
1323 3074 1515 3170 concepta
1564 3084 1617 3146 oo
1666 3059 1806 3167 redit,
1852 3076 1902 3148 ut

640 3179 967 3294 inuestigandum
1000 3184 1083 3293 stt,
1114 3201 1216 3298 quot
1238 3185 1379 3301 modis
1418 3188 1534 3275 dotus
1582 3210 1808 3294 numerus,
1857 3191 1903 3275 in

638 3313 780 3399 datum
815 3315 995 3427 partium
1029 3333 1254 3401 numerum
1305 3313 1508 3430 dispertiti
1539 3335 1693 3427 queat,
1722 3339 1901 3427 quarum

642 3438 822 3550 lingulae
869 3443 999 3553 specie
1049 3444 1240 3551 dentur,
1285 3446 1382 3537 data,
1424 3468 1588 3557 quoque
1639 3443 1904 3543 multitudine

638 3573 832 3659 omnium
865 3567 1014 3658 harum
1047 3570 1247 3685 partiunt.
1293 3570 1338 3657 Si
1379 3572 1585 3659 nimirum
1623 3574 1904 3681 concipiantur

639 3699 842 3787 eiusmodi
873 3700 1036 3785 tenerae
1082 3717 1186 3805 quae
1235 3714 1317 3779 non
1365 3696 1434 3780 sex
1488 3715 1538 3781 ut
1585 3693 1710 3802 vulgo
1755 3693 1903 3808 habent

637 3822 818 3933 hednae,
851 3826 914 3910 sen
945 3825 988 3908 in
1023 3821 1169 3933 quibus
1199 3816 1422 3910 hedrarum
1457 3824 1655 3907 numerus
1686 3822 1737 3910 ad
1768 3851 1904 3912 mnu·

640 3974 809 4041 merum
840 3970 1047 4062 utcunque
1082 3972 1278 4060 magnum
1309 3944 1519 4057 ascendat,
1553 3969 1648 4034 tum
1691 3980 1796 4042 uero
1840 3956 1902 4043 fa·
1980 3939 1991 3945 ’

421 4104 427 4113 ·
524 4179 528 4187 ,
641 4080 779 4169 clebus
810 4076 962 4165 hatum
1011 4070 1231 4170 hedrtrunt
1282 4076 1461 4192 inscripti
1503 4076 1582 4167 fint
1630 4086 1795 4171 numeri
1841 4112 1903 4195 a,

642 4202 691 4323 β,
707 4233 762 4326 γ,
779 4196 809 4291 δ
820 4272 833 4316 ,
866 4202 1042 4324 quaestio
1071 4184 1117 4295 ln
1148 4232 1198 4298 eo
1245 4212 1469 4319 versatur,
1514 4226 1562 4296 vt
1608 4211 1903 4303 determinetur

642 4346 751 4453 quot'
772 4337 942 4456 modis,
970 4332 1225 4461 proficiendo
1251 4358 1279 4427 n
1309 4336 1510 4433 eiusmodi
1543 4335 1723 4454 tollerat,
1752 4364 1903 4457 nume·

1648 4482 1658 4492 ’
1828 4491 1909 4563 mat
