4200 5617
568 564 700 652 ,ιι
803 614 811 631 ,.
948 566 953 574 ·
1063 523 1482 647 artemiae«

1218 759 1320 853 DE

724 941 1124 1072 ronnuurs
1202 941 1816 1072 turnonnnuavs
1896 857 1910 1052 s

1016 1169 1060 1254 D
1078 1165 1124 1252 V
1144 1169 1172 1255 P
1190 1165 1227 1250 L
1246 1167 1265 1253 l
1284 1163 1320 1252 C
1340 1173 1380 1257 A
1398 1173 1436 1256 T
1454 1173 1475 1260 1
1493 1171 1534 1260 S.

1158 1355 1360 1514 '‘Austore
1543 1455 1547 1469 ·

903 1571 1531 1766 jyusarrano

645 2039 721 2290 Si
754 2075 941 2189 corporis
972 2072 1252 2186 cuiuscunque
1286 2068 1483 2184 propofiti
1535 2065 1607 2154 tel
1655 2064 1903 2158 soliditatem

739 2208 806 2291 vel
840 2205 1088 2316 superficiem
1123 2203 1192 2288 uel
1232 2198 1327 2288 alias
1376 2200 1616 2286 huiusmodi
1666 2198 1908 2312 quantitates

644 2328 812 2429 definire
863 2334 1075 2436 verinus,
1126 2335 1186 2418 id*
1218 2334 1312 2442 per'
1337 2329 1547 2444 duplicem
1589 2333 1907 2438 integrationem

645 2461 736 2548 fieri
765 2462 897 2564 lolet3
935 2440 1126 2546 Forlnula
1158 2462 1273 2545 enim
1305 2459 1581 2544 differentialis
1612 2460 1671 2542 bia
1707 2454 1909 2564 integran-

646 2592 696 2676 da
738 2593 809 2676 tali
842 2597 974 2676 torma
1010 2579 1178 2695 ded'y
1212 2589 1623 2698 exprimitur‚.binaa
1641 2588 1847 2672 variabiles
1879 2610 1910 2686 ar

646 2733 688 2800 et
704 2711 739 2825 γ’
774 2709 1007 2805 cominente
1039 2735 1215 2827 quarum
1249 2715 1372 2804 ultera
1408 2713 1487 2801 iola
1522 2719 1564 2800 in
1619 2720 1748 2828 priori
1801 2698 1911 2800 inte-⁸

645 2851 831 2954 gratiore
862 2866 910 2931 vt
942 2845 1150 2930 variabilis
1182 2845 1405 2955 tpediatur·
1441 2848 1635 2954 posterior
1665 2869 1767 2930 vero
1801 2839 1911 2930 inte·'

647 2981 782 3083 gratio
811 2973 1062 3060 adulteram
1097 2977 1181 3056 iam
1207 2985 1264 3061 ιι
1295 2972 1536 3060 variabilem
1562 2973 1859 3086 spediatam
1849 3001 1911 3056 ιιι-

646 3105 838 3190 diruitur.
922 3105 1029 3188 Hine
1063 3108 1267 3214 quantitas
1300 3130 1370 3213 per
1404 3105 1610 3212 duplicem
1645 3104 1766 3213 illam
1767 3105 1908 3221 ipre·

647 3216 883 3338 gratiorem
915 3221 1106 3316 resultans
1136 3230 1294 3342 duplex
1327 3226 1503 3339 signum
1541 3231 1739 3337 integrale
1788 3256 1909 3343 prae·

648 3359 832 3468 figendo
842 3358 1024 3442 indicati
1034 3339 1235 3444 lblethoc
1258 3363 1408 3446 modo·
1438 3353 1722 3476 ssdedy‚
1753 3364 1908 3482 quippe

647 3511 727 3599 qun
784 3487 1057 3596 duplicatione
1119 3467 1295 3572 formula
1358 3487 1641 3573 differentialis
1703 3471 1907 3601 proposita

648 3610 852 3706 dedr
884 3615 941 3697 bis
973 3617 1164 3718 integrari
1200 3615 1338 3699 debere
1369 3617 1424 3698 est
1463 3617 1735 3724 intelligenda
1817 3615 1910 3698 Hu-

647 3745 865 3829 iuamndi
856 3747 984 3849 igitur
1016 3741 1286 3850 expreffiones
1316 3751 1527 3866 geminatq
1567 3745 1678 3851 signo
1724 3745 1910 3828 summa-

648 3875 759 3960 torio
790 3871 945 3954 affediar
989 3867 1057 3995 lric
1092 3871 1290 3954 formulas
1323 3855 1553 4115 integrelpq
1568 3869 1813 3992 duplicatas
1835 3867 1912 3984 ap·'

649 3999 790 4108 pello,
823 3987 994 4106 quarum'
1026 3999 1117 4081 usus
1149 4023 1243 4084 eum
1275 3998 1461 4084 latillrme
1549 4023 1663 4107 teat,·
1687 4007 1729 4126 in
1761 4025 1908 4086 earum

651 4124 830 4208 indolem
865 4126 931 4210 hic
963 4126 1200 4233 diligentius
1250 4127 1488 4238 inquirere,
1533 4157 1763 4242 earumque
1814 4153 1913 4240 pro

649 4257 840 4368 prietates
871 4275 911 4339 et
944 4252 1188 4342 affediionea
1180 4260 1422 4346 accuratius
1453 4258 1645 4350 euoluere
1666 4256 1915 4348 constitui!

1740 4543 1782 4603 a.
1816 4505 1911 4602 Pri-
