4200 5617
300 481 1456 658 mmmmmmmsa.

111 759 265 854 reticere
298 771 434 854 multo
468 771 620 855 minori
652 790 822 854 numero
855 759 955 848 haec
988 763 1133 851 insecta
1173 761 1337 852 soleant.
1404 739 1407 743 ¹

106 895 206 982 Vnde
233 921 388 982 nouum
419 895 610 982 elucescit
642 896 826 980 Naturae
874 894 1014 976 omnia
1066 893 1341 1003 prospicientia
1427 935 1431 941 ·

104 1041 145 1107 et
170 1027 209 1110 ad
237 1027 335 1111 fines
380 1025 611 1110 instruentis
646 1019 821 1106 mirifice
853 1019 988 1104 varios
1020 1043 1325 1128 argumentum.

320 1241 420 1346 IV.
486 1237 714 1347 ANAS
759 1235 887 1346 RV
894 1237 1107 1345 TILA.

235 1418 537 1505 Pulchritudine
566 1421 713 1506 coloris
758 1437 799 1502 et
841 1407 1050 1526 ¹elegantia
1098 1421 1255 1507 formae
1302 1404 1556 1508 infusam

96 1551 169 1633 sno
196 1555 336 1652 genere
367 1547 628 1633 iliusttifflma
660 1551 774 1652 auis,
822 1572 946 1657 quarn
978 1548 1144 1633 Atatem
1193 1547 1347 1634 tutilant
1381 1531 1455 1624 rig.
1485 1553 1519 1603 ¹·

95 1677 214 1782 dixi,
247 1679 350 1786 apud
383 1677 564 1761 rudiores
599 1697 682 1760 non
713 1677 896 1776 occurrit
928 1663 1058 1785 (ἢ,
1112 1678 1154 1761 in
1195 1679 1344 1763 austra·

93 1801 255 1886 lioribus
289 1827 424 1890 tarnen
465 1803 679 1887 tniuersae
703 1799 862 1885 Rufftae
896 1821 1017 1910 atque
1071 1797 1238 1888 Sibiriae
1272 1831 1347 1888 co·

87 1932 197 2041 piosa
227 1931 292 2014 este
329 1918 496 2017 Dicitur
529 1933 575 2014 ad
610 1919 784 2016 Tanaim
818 1945 1033 2046 occurrere
1068 1947 1110 2011 et
1143 1929 1345 2042 peculiari

89 2060 254 2142 nomine
300 2056 390 2145 illic
427 2056 651 2171 appellarit
687 2055 868 2162 Volgam
899 2055 1134 2142 inferiorem
1185 2059 1347 2175 copiose

91 2183 307 2289 inhabitat,
346 2187 504 2296 ibique,
537 2205 586 2270 tt
616 2201 656 2269 et
685 2184 733 2270 ad
767 2183 931 2270 Iaikum
965 2183 1135 2270 Russ'tcis
1166 2187 1347 2274 narnini-

86 2316 159 2398 bue
190 2311 392 2400 Kratnaio
424 2317 525 2404 Vtka
556 2318 691 2418 (Anas
721 2315 874 2428 rubra)
905 2331 945 2397 et
977 2311 1226 2432 Karagatta,
1254 2341 1348 2402 orn⁴

84 2441 325 2556 nibusnota
357 2443 422 2526 est.
479 2445 529 2530 In
562 2443 707 2532 Sibiria
743 2467 845 2529 tero
875 2442 1029 2553 Turpan
1062 2443 1130 2525 ael
1162 2441 1346 2529 Narranti
1473 2510 1477 2518 .

82 2568 171 2652 Gur
203 2585 242 2652 et
274 2571 436 2653 Tataris
455 2573 704 2684 ‘quibusdam
737 2569 847 2656 Aath
871 2571 1101 2678 vocitatur,
1132 2565 1347 2657 finitimas·

79 2720 165 2806 que
192 2697 324 2780 austro
351 2699 532 2808 regiones
562 2703 616 2785 ibi
648 2723 813 2810 quoque
848 2697 1009 2801 seruat,
1042 2700 1117 2783 tiit
1165 2722 1348 2811 anquam

79 2824 127 2907 in
162 2824 381 2912 latitudine
413 2828 624 2914 borealiori
658 2851 782 2936 quam
820 2849 841 2926 5
852 2847 874 2926 5
913 2827 1115 2936 graduum
1145 2829 1348 2915 obseruata

74 2969 120 3034 et
148 2977 237 3060 quo
266 2955 438 3063 propius
470 2959 601 3042 audito
633 2953 871 3057 descendas,
903 2981 952 3042 eo
991 2954 1208 3068 copiofior.
1247 2957 1348 3044 'Est

73 3078 196 3160 enim
232 3105 374 3163 earum
407 3100 631 3170 enumero
675 3088 848 3194 auidam,
896 3109 1003 3196 quae
1053 3073 1255 3191 hyemem·
1302 3088 1347 3170 in

73 3203 227 3290 'calidis
259 3207 413 3291 Perstae
444 3229 484 3293 et
526 3213 663 3297 Indiae
714 3213 943 3322 regionibns
991 3213 1256 3320 transigunt,
1305 3229 1350 3298 et

73 3353 183 3418 vere
216 3335 265 3418 ad
317 3357 389 3418 nos
441 3343 719 3450 commigrant
772 3341 899 3445 prolia
927 3333 1018 3418 'sub
1061 3343 1350 3444 temperatiore

73 3461 202 3546 coelo
235 3463 474 3566 generandae
508 3469 630 3548 rausa.
691 3463 771 3545 Pro
805 3461 900 3542 nido
931 3475 1027 3544 tunc
1075 3464 1232 3570 quaerit
1281 3463 1350 3545 vei

73 3607 403 3698 praeruptarum
434 3589 604 3699 rupium
638 3589 880 3696 Volgensem
922 3583 1061 3696 paffitn
1094 3589 1230 3696 ripam
1272 3611 1347 3674 ex·

73 3715 355 3825 asperantium
388 3739 572 3804 cauernas
604 3739 646 3803 et
681 3712 867 3815 fissuras,
901 3714 970 3796 vel
1000 3733 1146 3820 antra,
1179 3717 1222 3797 in
1255 3715 1349 3802 col-

73 3840 269 3927 iiculofis
297 3845 457 3927 desertis
489 3873 510 3928 a
543 3840 761 3932 'tnarmotis
794 3841 901 3927 olim
935 3841 1081 3952 effosa,
1127 3845 1216 3929 itno
1266 3844 1349 3964 ipsa

596 3975 641 4061 D
658 3975 683 4059 d
701 3975 827 4058 dd2
1241 3996 1347 4084 quo·
1379 3959 1422 3995 '⁶

122 4295 203 4387 (*)
234 4294 343 4374 Podet
366 4301 525 4374 confundi
551 4329 630 4376 curn
659 4255 771 4378 ansere
797 4307 993 4400 aegyptiaca
1030 4307 1206 4404 Brtffottt't',
1246 4334 1351 4407 quem
1478 4272 1481 4280 1

236 4393 338 4586 ἕξεί
353 4404 453 4474 citare
480 4399 598 4502 leonti,
638 4407 798 4484 ornatior.
833 4407 925 4484 Edit.
965 4405 1060 4504 Btlg.
1088 4409 1131 4483 V
1127 4409 1165 4482 oi.
1203 4434 1238 4481 tt.
1268 4433 1352 4506 pag.
