4200 5617
286 590 554 688 MOTVS
618 522 1119 686 rLr1DORvM.
1239 623 1327 714 847

73 827 277 917 moerus
305 843 449 913 autem
481 823 562 914 hoc
614 849 718 941 opus
765 824 822 912 ita
869 831 959 914 sum
1010 831 1238 943 aggressus,
1290 849 1338 920 vt

77 961 264 1072 primum
297 957 527 1044 conditioni
547 959 676 1066 priori
695 955 972 1065 satisfecerim,
1004 966 1113 1069 quod
1144 969 1241 1050 adeo
1273 986 1340 1070 ge·

81 1085 321 1174 nereliiirme
354 1086 542 1197 praestare
576 1083 725 1189 licuit,
758 1104 853 1167 tum
887 1111 989 1171 vero
1022 1085 1116 1175 hinc
1137 1070 1349 1196 eiusmodi

78 1219 195 1300 casus
242 1216 392 1301 elicere
442 1212 690 1320 oportebat,
753 1211 897 1322 quibus
944 1214 1074 1300 etiam
1127 1221 1340 1328 posteriori
1424 1237 1428 1246 ·

76 1346 303 1429 conditioni
333 1338 569 1446 satisfieret,
619 1364 721 1450 quae
753 1341 1009 1448 inuestigatio
1040 1344 1189 1431 casrbus
1239 1367 1343 1430 euo-

78 1471 184 1556 lutis
214 1499 294 1559 non
325 1468 588 1554 mediocriter
621 1467 817 1552 illustrati
847 1490 889 1554 et
927 1477 1114 1560 adiuuari
1164 1477 1345 1567 videtur„

75 1600 232 1712 Quodfi
265 1597 424 1683 inuerso
455 1599 599 1684 ordine
632 1622 653 1681 a
686 1596 922 1682 conditione
956 1603 1166 1711 posteriori
1218 1627 1342 1687 exor-

71 1731 159 1812 diri
190 1726 397 1831 telimus,
426 1750 531 1838 opus
562 1723 696 1810 multo
727 1724 863 1832 magis
891 1728 1059 1815 difficile
1090 1748 1134 1813 et
1167 1731 1341 1813 arduum

71 1857 297 1961 videatur3
332 1857 387 1938 ito
421 1876 468 1941 ct
499 1853 570 1938 hic
600 1852 845 1938 solutionem
878 1857 1109 1960 generalem
1143 1859 1220 1940 vix
1266 1882 1344 1942 ex·

69 1985 241 2096 pediare
273 1985 405 2066 liceat.
504 1979 653 2066 Casum
689 2000 825 2065 temen
858 1982 1121 2068 vehementer
1156 1984 1238 2066 late
1271 2009 1344 2094 pa-

71 2119 241 2196 centem
271 2109 512 2216 observavi,
560 2132 643 2219 quo
676 2109 870 2218 posterior
899 2111 1081 2198 conditio
1113 2109 1346 2220 impletur;
1493 2103 1500 2114 '

67 2241 205 2349 quod»
226 2232 379 2322 scilicet
410 2235 459 2318 fit
489 2235 519 2321 sr
552 2236 728 2322 formula
760 2237 1217 2345 udx-i-vdy-i-cvdz
1249 2241 1347 2324 sue-

67 2373 136 2452 tit
175 2361 451 2472 integraretis,
501 2367 571 2450 vbi
602 2364 814 2472 imprimis
854 2372 1080 2454 notandum
1130 2365 1187 2449 est
1238 2364 1348 2454 hunc

64 2497 217 2581 casum
251 2495 295 2577 in
328 2513 445 2577 motu
478 2492 701 2579 fluidorum
734 2519 805 2601 per
845 2502 992 2595 tubos,
1041 2493 1086 2574 in
1134 2517 1217 2604 quo
1267 2496 1349 2579 iere

65 2624 170 2710 solo
203 2619 430 2707 definiendo
461 2621 643 2707 Theoria
676 2618 807 2704 adhuc
837 2625 918 2708 fuit
964 2640 1157 2731 occupata
1208 2622 1351 2707 locum

67 2750 258 2854 habere3
290 2747 416 2834 Vnde
445 2775 588 2858 operae
623 2751 807 2857 pretium
839 2748 915 2831 effe
947 2749 1121 2833 arbitror
1152 2745 1211 2832 isti
1241 2747 1351 2836 castri

63 2876 317 2966 euoluendo
349 2880 513 2988 sequens
547 2875 683 2984 Caput
712 2875 935 2979 destinare,
982 2877 1104 2983 idque
1135 2897 1184 2956 eo
1218 2881 1350 2984 magis

61 3008 193 3120 quod
229 3029 327 3092 eum
360 3010 407 3093 ad
438 3006 576 3092 omnis
606 3005 762 3108 generis
794 2999 913 3088 fluida
950 3003 1165 3091 exterdere
1197 2999 1310 3125 liceo
