4200 5617
738 457 845 632 ψ’
1025 521 1695 654 nas-cnrnrrouns
1819 552 1833 582 ·

659 803 661 808 ·
731 755 804 843 bus
836 753 964 858 s0uiri
997 741 1115 868 atque
1147 760 1369 856 demulceri
1400 741 1550 849 amant.
1615 763 1734 858 Inter
1765 777 1987 878 scabendum

729 886 987 1000 pigrescunt,
1020 906 1062 973 et
1094 889 1338 980 oscitabundi
1372 893 1724 1008 pandiculantur,
1759 917 1985 1018 praetertin

729 1016 816 1124 post
861 1002 1088 1125 somnum,
1136 1003 1250 1130 quod
1276 1039 1318 1105 et
1368 1024 1670 1112 tumamoris
1703 1036 1984 1135 cicuratisnb

725 1139 920 1226 seruatur.
1034 1169 1037 1175 “
1258 1160 1262 1166 ’

877 1311 961 1428 Qui
1003 1315 1046 1400 in
1096 1309 1345 1425 hypocausto
1391 1320 1570 1434 aliquam
1618 1328 1822 1428 latebram
1872 1353 1980 1445 subire

723 1447 946 1550 poterant,
984 1442 1122 1524 minus
1152 1449 1467 1557 enotabantur,
1518 1482 1598 1568 qua
1649 1464 1692 1546 in
1743 1481 1893 1586 aprico
1926 1493 1976 1574 de·

725 1570 841 1655 tenti.
908 1569 1100 1658 Vinculis
1150 1570 1308 1660 liberati
1358 1578 1486 1666 electa
1534 1611 1781 1706 quacunque
1806 1605 1975 1730 latebra,

722 1699 958 1808 praesertim
1011 1700 1184 1786 feminae
1233 1706 1420 1812 grauidae
1440 1739 1471 1817 ,·
1498 1723 1772 1826 congerebant
1818 1738 1971 1867 ianam,

720 1826 862 1936 pilos,
892 1821 999 1912 ¹foeni
1030 1847 1073 1912 et
1106 1827 1327 1916 herbarum
1360 1839 1560 1949 quidquid
1591 1859 1834 1960 conquirere
1866 1894 1971 1980 pore.

717 1969 842 2055 tant,
876 1968 919 2034 et
952 1950 1009 2038 sr.
1036 1953 1135 2042 haec
1183 1962 1382 2070 deeffeut,
1415 1967 1525 2076 ligna
1557 1992 1599 2057 et
1648 1976 1830 2075 limum·
1857 1999 1969 2094 torn.

662 2097 664 2102 ’
721 2101 823 2168 cum
859 2081 1079 2196 rodebant,
1110 2085 1351 2205 chartasque
1381 2097 1703 2217 concinnebant,
1744 2137 1794 2202 ut
1842 2127 1970 2222 nidum

582 2297 588 2300 ,
719 2200 790 2292 fibi
821 2229 1017 2320 pararent.

720 2429 725 2436 .
869 2372 1055 2466 Cicnrati
1090 2407 1223 2472 maret
1253 2411 1377 2495 raro,
1409 2388 1486 2501 nifi
1517 2407 1739 2510 perterriti
1768 2434 1842 2502 aut
1880 2425 1972 2513 irri-

705 2491 824 2604 tati,
856 2498 1084 2590 fistulatum
1116 2519 1513 2618 penetrantiffimum
1543 2535 1695 2644 suum,
1729 2538 1866 2634 hiante
1892 2580 1972 2662 ore,

716 2627 852 2713 edunt.
920 2631 1117 2718 Feminae
1148 2639 1288 2728 multo
1318 2646 1574 2746 ctamonores
1604 2663 1721 2772 sunt,
1762 2693 1969 2793 vocemque

708 2755 840 2862 'naulo
868 2761 1176 2867 productiorem
1207 2786 1254 2856 et
1294 2772 1571 2891 debiliorem,
1621 2783 1838 2911 magisque
1887 2837 1968 2920 que.

620 2950 624 2964 ,
701 2877 850 2976 ‚culam
877 2885 995 3002 vsaepe
1026 2892 1179 2978 iterant
1200 2900 1453 3017 iracundae,
1481 2912 1739 3028 impatientes
1758 2922 1780 3034 ,⁴
1803 2913 1971 3025 aliterue

711 3010 905 3098 turbatae.
972 3004 1179 3107 Praeterea
1214 3028 1396 3118 iracundi
1428 3047 1670 3153 grunniunt,
1701 3059 1813 3165 quod
1850 3066 1974 3151 Mar·

710 3158 848 3225 motae
881 3145 1016 3254 potius
1045 3147 1287 3240 blandientis
1317 3162 1403 3269 est,
1451 3185 1495 3254 et
1543 3173 1711 3265 feminae
1757 3189 1978 3302 uerrunt,

640 3283 644 3290 ·
707 3267 788 3348 tere
821 3289 870 3354 ut
902 3273 1026 3379 felis,
1058 3282 1219 3387 quando
1249 3287 1517 3396 deprehensae
1543 3312 1827 3398 commordent.
1881 3323 1980 3406 Fa-

687 3365 851 3478 ‘melici
883 3417 925 3480 et
958 3401 1125 3509 irritati,
1156 3409 1328 3498 aliterue
1357 3421 1405 3505 ad
1439 3431 1632 3518 acuendos
1659 3436 1809 3546 dentes,
1841 3448 1976 3536 colli-

706 3515 758 3603 fis
791 3522 938 3608 iisdem
969 3546 1011 3612 et
1041 3538 1227 3619 contritis
1260 3542 1454 3655 strident,
1486 3555 1597 3666 quasi
1627 3559 1792 3662 Gryllum
1813 3573 1973 3676 stridu-

707 3642 782 3732 lum
812 3651 1005 3763 dicium,
1036 3658 1243 3750 volantem
1277 3674 1444 3765 audiret
1524 3684 1750 3794 pugnantes
1800 3705 1972 3794 feminae

607 3761 612 3771 ’
704 3771 839 3863 statim
877 3783 921 3865 in
971 3783 1078 3873 latus
1126 3812 1169 3878 et
1219 3799 1384 3887 dorsum
1430 3808 1508 3894 sese
1559 3801 1788 3925 proiiciunt
1835 3833 1969 3919 dentes

702 3915 943 4018 unguesque
974 3907 1150 4004 hostibus
1179 3925 1453 4040 opponentes,
1482 3937 1630 4033 felium
1663 3951 1800 4042 instar.
1835 3959 1970 4050 Mater

700 4041 864 4118 tanturn
897 4037 1013 4124 dente
1042 4049 1322 4160 etpalmisse
1352 4063 1580 4162 defendunt.

655 4286 659 4296 ,
731 4289 737 4302 ,
799 4233 803 4240 ·
850 4192 1016 4286 Cicures
1046 4209 1211 4323 mares,
1248 4225 1322 4333 qui
1358 4236 1496 4348 primo
1524 4254 1622 4324 vere
1651 4255 1767 4358 capti
1826 4283 1969 4376 erint,

702 4315 849 4412 adlatas
876 4353 900 4415 e
930 4353 1080 4454 campo
1106 4341 1285 4483 feminast
1305 4341 1425 4481 auide
1462 4364 1754 4490 excipiebant,
1805 4389 1975 4475 demul-

572 4471 574 4476 ·
844 4533 846 4536 .
1189 4509 1194 4516 ·
1278 4505 1283 4516 ·
1811 4519 1971 4608 cebant
