4200 5617
679 551 771 655 aaa
1014 514 1170 625 MVS
1233 510 1576 623 svsutcn'

825 755 1022 855 Gratata
1050 757 1095 845 io
1130 760 1285 849 semina
1317 758 1401 847 ita:
1432 759 1599 871 uaginae
1631 750 1734 843 lobia
1765 748 1950 865 rugosa}
2039 796 2040 813 τ

679 895 802 999 laxat
832 890 977 978 clitoris
1009 888 1160 996 nulia,
1193 890 1255 977 sed
1287 890 1335 973 ad
1368 888 1501 997 ipsum
1538 910 1777 997 pronaum,
1833 888 1947 997 peri-

681 1042 831 1111 aarum
865 1003 1036 1125 uersus,
1087 1018 1196 1102 sinus
1247 1038 1452 1123 magnus,
1501 1035 1676 1123 coecus,
1727 1014 1952 1119 mucosus,

679 1152 749 1237 cui
781 1165 965 1263 apertura
996 1142 1193 1230 araturae
1221 1144 1403 1251 glandosa
1439 1142 1623 1257 oppofita
1673 1140 1760 1249 att,
1782 1204 1783 1209 a
1807 1146 1950 1255 argina

682 1282 791 1366 uteri
824 1270 1174 1385 longitudinalitcr
1206 1270 1538 1383 rugosa,.laxa,
1593 1271 1810 1357 terminata
1843 1272 1949 1377 orfi-

682 1408 740 1494 cio
786 1408 895 1492 uteri
944 1404 1114 1503 lacero,
1161 1401 1239 1485 uix
1288 1398 1363 1485 filo
1411 1398 1643 1487 tenuiffimo
1676 1400 1950 1511 permeabile,

683 1535 818 1623 ceruix
848 1534 970 1617 uterix
987 1527 1240 1614 breuidimus
1270 1530 1490 1614 bistucatus
1519 1531 1564 1613 iu
1608 1550 1722 1616 came
1767 1528 1949 1617 decem

685 1679 728 1749 et
743 1658 937 1769 sinistrum
969 1679 1121 1761 tenue,
1153 1658 1459 1766 cylindricum,
1511 1656 1657 1742 laxum
1692 1661 1949 1745 membrana·

686 1812 839 1891 ecum,
889 1786 1067 1875 minime
1117 1788 1346 1895 rugosum,
1393 1786 1696 1875 tuberculosum
1726 1783 1825 1873 hinc
1858 1786 1948 1871 inde

686 1916 732 2004 iu
762 1914 913 2003 sumina
945 1938 1046 2025 quae
1076 1932 1169 1997 ante
1201 1916 1380 2001 mensem
1414 1918 1572 2027 peperit
1622 1920 1743 2019 (sorte
1790 1940 1815 1999 a
1866 1916 1947 2027 pir·

686 2061 900 2131 centanam
954 2040 1149 2149 uestigiis)
1196 2040 1292 2131 asina
1339 2044 1487 2145 saeue,
1538 2044 1646 2127 inter
1700 2040 1945 2129 laxisi'rmrm

687 2169 894 2282 capsulam
928 2170 1134 2279 adiposam
1165 2170 1212 2253 ad
1246 2193 1357 2257 renes
1390 2194 1518 2281 reque
1547 2172 1789 2260 adscendens
1817 2197 1868 2259 ac
1910 2172 1946 2256 in

687 2297 774 2410 ipsa
821 2299 1083 2398 extremitate
1129 2299 1274 2383 orariis
1324 2300 1494 2411 paruis,
1543 2302 1621 2387 uix
1672 2298 1786 2387 milii
1818 2301 1946 2389 semea

685 2426 1043 2540 exsuperantium,
1080 2424 1308 2531 granuiofit
1336 2428 1519 2517 auctum
1554 2494 1558 2501 .

827 2679 1035 2786 θεηὶεαὸα
1066 2682 1283 2787 nouudnat
1306 2683 1531 2801 pettit'cum
1560 2686 1851 2785 „testiculorum
1886 2688 1948 2781 eri

692 2810 967 2898 ttemitatibua
998 2832 1115 2899 extra
1145 2817 1378 2925 abdomen,
1409 2820 1469 2906 sed
1503 2822 1642 2906 omnia
1677 2840 1788 2912 tanta
1823 2828 1949 2937 adipit

687 2939 806 3049 copia
833 2940 1020 3049 obteeia,
1067 2960 1117 3028 ut
1149 2970 1220 3057 per
1251 2962 1390 3029 cutem
1423 2968 1697 3035 communem
1730 2956 1789 3039 nil
1829 2980 1950 3067 appa·

688 3079 792 3158 teat.
874 3070 1016 3155 Fibrae
1065 3069 1229 3189 dbiiquc
1268 3072 1538 3163 descendentis
1567 3080 1738 3166 musculi
1769 3085 1946 3169 abdomi-

588 3234 604 3265 .-
689 3192 792 3285 mise
821 3198 1137 3283 continuantia
1182 3202 1416 3311 sacculum,
1467 3204 1552 3291 fine
1597 3234 1704 3297 caeco
1748 3212 1944 3296 teodiueo

687 3317 944 3405 extremitati
978 3324 1163 3409 inferiori
1199 3328 1368 3415 testiculi
1400 3350 1442 3416 et
1474 3336 1763 3448 epidydymidia
1795 3338 1952 3425 aditae·

687 3463 883 3553 tentem,
937 3450 1065 3535 eunuco
1088 3458 1247 3567 propria
1282 3457 1454 3547 testiculi
1480 3470 1694 3555 tendinoso
1709 3510 1728 3531 -
1744 3472 1953 3557 membra·

687 3597 842 3681 nucea,
882 3576 1027 3679 desinit
1062 3582 1105 3663 in
1138 3582 1262 3669 iatam
1291 3588 1599 3699 ‚duplicaturum
1632 3600 1687 3685 ad
1722 3602 1953 3711 marginem

689 3700 932 3787 interiorem
949 3723 992 3791 et
1016 3708 1355 3817 epidydymidem
1393 3721 1574 3812 testiculo
1602 3728 1796 3815 adordiit.
1860 3730 1956 3843 Epi·

687 3827 855 3935 &drmit
904 3834 949 3919 in
995 3840 1262 3926 extremitate
1311 3844 1520 3955 superiore
1569 3856 1752 3943 testiculi
1809 3861 1956 3971 incipit

686 3954 847 4049 bulbosa
867 4015 885 4061 ,a
920 3960 983 4045 sed
1015 3964 1147 4049 statim
1182 3972 1391 4077 angustata
1422 3978 1618 4069 descendit
1652 3986 1780 4076 iibere
1807 3988 1868 4077 ad
1902 3988 1953 4073 ai·

673 4090 823 4169 'teram
856 4087 1032 4174 testiculi
1064 4100 1408 4207 extremitatem,
1455 4110 1522 4194 cui
1559 4112 1711 4199 iterum
1748 4116 1864 4207 arde
1892 4118 1953 4201 ad·

687 4204 829 4296 haeret
857 4212 1023 4303 dilatata
1058 4241 1101 4309 et
1135 4226 1296 4311 tandem
1348 4232 1472 4319 dudo
1522 4248 1768 4353 retrogrado
1817 4247 1957 4339 desiuit

687 4338 734 4426 ia
764 4360 841 4425 eat
870 4338 1049 4456 deserum
1081 4352 1436 4473 angustissimum,
1469 4366 1617 4485 ubique
1649 4374 1869 4490 aequale,
1897 4402 1958 4463 ut·

1816 4504 1956 4627 aaut
