4200 5617
741 542 836 638 μᾶ
1059 523 1163 614 DE
1228 518 1683 618 PRINCIPIIS

737 759 988 876 praescripto
1014 763 1203 864 feratur,
1246 776 1287 845 et
1318 760 1687 868 quomodocunque
1718 755 1830 846 uires
1868 776 1997 848 extet·

742 918 819 977 nae
852 892 899 975 ad
935 889 1011 975 hoc
1043 886 1258 1000 requisitae
1289 887 1326 970 se
1362 889 1563 990 habeant,
1604 891 1649 970 ad
1683 891 1866 994 quoduic
1903 911 1998 979 tem·

742 1043 818 1129 pus
854 1018 1093 1127 preffionem
1127 1042 1198 1128 per
1232 1034 1362 1100 toturn
1415 1016 1580 1098 matiam
1633 1011 1826 1121 affignare
1880 1015 1997 1126 iicet,

741 1171 844 1256 quae
874 1143 953 1231 hoc
983 1154 1069 1232 catu
1103 1145 1185 1230 non
1218 1145 1351 1229 solurn
1386 1144 1434 1226 ub
1464 1145 1621 1244 actione
1652 1141 1679 1230 S
1712 1143 1775 1232 sed
1808 1143 1937 1232 etiam
1978 1175 1994 1232 a

741 1274 984 1362 coordinatis
1017 1299 1063 1385 x,
1075 1297 1187 1383 Μ
1221 1272 1414 1384 pendebit.

1130 1488 1464 1640 ,Coroli
1554 1532 1596 1604 1.

894 1680 966 1760 61.
1004 1673 1047 1759 Si
1081 1673 1210 1780 igitur
1244 1671 1422 1756 fluidum
1457 1667 1574 1770 uasr,
1623 1665 1824 1754 inclusum
1861 1671 1995 1757 conri-

741 1800 909 1910 piatur,
951 1822 1000 1885 ut
1033 1824 1102 1886 vas
1134 1829 1185 1887 eo
1217 1819 1336 1885 motu
1370 1794 1618 1909 progrcffiuo
1647 1803 1824 1904 feratur,
1877 1825 1995 1910 quern

741 1929 966 2015 celeritates
996 1957 1035 2035 u,
1064 1955 1110 2035 o,
1140 1958 1179 2014 cv
1219 1927 1455 2036 designant,
1486 1925 1656 2012 fluidum
1685 1928 1858 2038 respectu
1895 1927 1996 2010 vafis

745 2060 947 2168 quiescet,
996 2079 1038 2142 et
1089 2083 1188 2143 cum
1243 2083 1293 2142 eo
1327 2054 1436 2167 quast
1470 2079 1621 2167 corpus
1652 2051 1824 2140 solidum
1856 2057 1994 2139 consti·

744 2203 860 2306 tuere
892 2188 1044 2296 poterit
1075 2187 1255 2297 spectari.

1142 2402 1459 2526 Coroii.
1550 2442 1621 2558 2„

895 2591 966 2671 62.
1023 2585 1114 2669 Hoc
1164 2602 1301 2670 tamen
1354 2609 1434 2668 non
1483 2583 1660 2672 obstante
1699 2580 1920 2693 -preffiones
1953 2581 1984 2667 in

747 2709 875 2799 fluido
906 2732 1117 2822 utcunque
1148 2729 1342 2824 poterunt
1373 2709 1450 2797 effe
1484 2711 1729 2818 variabiles,
1778 2713 1880 2794 dum
1917 2713 1983 2824 pri·

743 2866 868 2926 mum
902 2842 948 2924 ab
978 2842 1138 2926 actione
1171 2843 1331 2928 uirium
1362 2838 1406 2944 S,
1438 2864 1537 2948 quae
1568 2845 1711 2953 vtique
1744 2867 1766 2924 a
1798 2840 1890 2926 ioco
1906 2866 1984 2950 pen·

740 2971 838 3074 det,
893 2987 983 3052 turn
1017 2993 1119 3054 uero
1151 2973 1273 3055 etiam
1308 2993 1331 3050 a
1365 2969 1489 3053 ternis
1523 2969 1781 3056 variabilibus
1808 2993 1854 3072 x,
1869 2997 1919 3075 y,
1946 2993 1979 3068 z,

742 3119 846 3206 quae
877 3099 1001 3180 etiam
1037 3123 1114 3207 pro
1143 3103 1284 3184 eodem
1327 3094 1440 3182 fluidi
1473 3098 1684 3188 elemento
1721 3099 1872 3204 iugiter
1897 3121 1984 3180 mu.-

740 3241 912 3326 tuntur,
958 3231 1162 3330 pendent3
1218 3225 1394 3335 haecque
1436 3231 1635 3335 postrema
1672 3229 1831 3330 nrutatiq
1857 3251 1880 3308 a
1910 3231 1978 3312 de·

739 3349 846 3434 iectu
879 3352 1172 3438 uniformitatis
1205 3374 1343 3452 motus
1374 3357 1476 3437 oriri
1510 3359 1566 3443 est
1598 3357 1790 3443 censenda

1143 3565 1458 3689 Coroll.
1556 3615 1604 3724 ς.

887 3753 965 3847 63.
996 3746 1156 3832 Praeter
1191 3747 1260 3834 has
1290 3771 1426 3834 autem
1462 3755 1742 3856 mutatione,
1777 3779 1884 3870 quae
1917 3769 1980 3835 tan

738 3873 787 3954 ab
816 3872 973 3960 actione
1008 3877 1165 3959 uirium
1199 3901 1322 3988 quarn
1352 3897 1494 3965 ruotus
1529 3879 1810 3992 inaequalitate
1857 3907 1980 3992 prout·

739 4001 882 4100 niunt,
915 4003 1058 4106 pressio
1089 4007 1305 4094 variationi
1340 4009 1566 4118 cuicunque
1600 4007 1982 4120 temporis-surreio

740 4125 916 4206 obnoxiu
967 4125 1042 4208 effe
1094 4135 1233 4239 potest.
1329 4135 1501 4220 Interim
1555 4159 1691 4222 tamen
1744 4168 1828 4253 pro
1863 4137 1985 4252 quouis

630 4273 634 4277 ’
737 4270 958 4360 ternpore,
991 4252 1021 4336 fi
1051 4258 1092 4340 in
1125 4285 1209 4343 ¹uno
1241 4264 1332 4346 loco
1363 4264 1509 4372 preffiu
1532 4272 1720 4374 constet,
1770 4276 1815 4358 iu
1865 4266 1987 4356 omni·

739 4381 809 4466 bus
841 4377 1008 4490 reliquis
1036 4381 1218 4492 affignari
1253 4394 1414 4501 poterit.

1875 4523 1987 4616 Seno
