4200 5617
306 463 768 584 ouaoauaoovtu
800 467 878 554 m·
912 463 1129 557 avlam.
1264 479 1352 573 eas

112 688 295 800 positione
327 717 420 774 cum
455 692 656 803 plerisque
690 659 825 778 sternia
858 691 1093 778 nostratibus
1125 690 1355 802 'conuenit,

110 823 165 902 sed
196 821 430 924 magnitudo
462 845 504 903 ea
539 824 626 928 est,
679 841 727 906 ut
766 825 891 902 etiam
943 823 1137 926 neglectis
1187 825 1355 933 reliquis

108 946 388 1032 charadieribus
419 953 468 1036 ad
499 949 818 1055 distinguendam
852 948 1029 1055 speciem
1065 950 1248 1036 sufficiat.

245 1171 365 1257 Mola
399 1169 532 1256 larum
564 1167 781 1256 atricillam
817 1174 1002 1281 excedit3
1041 1173 1206 1284 pedibus
1239 1177 1318 1263 sere
1340 1151 1562 1283 ,Dismlilfb

104 1317 149 1382 ut
182 1297 280 1404 ille,
315 1301 607 1409 procerioribus
643 1299 882 1408 ingreditur.
950 1289 1241 1407 Rostri'forma
1262 1259 1557 1455 ster-Tssibg'ffJI'

104 1450 169 1510 nas
215 1431 456 1538 exprimit,
504 1428 568 1512 sed
621 1429 900 1534 magnitudine
941 1433 1101 1533 uincit,
1137 1436 1348 1542 compres·
1484 1446 1520 1542 j

99 1559 188 1638 sum
238 1555 339 1640 illud
386 1555 479 1660 est,
541 1582 815 1662 connexum,
882 1560 1037 1640 carina·
1076 1576 1212 1643 tameo
1264 1561 1351 1645 sub·

99 1681 369 1791 angulatum,
421 1685 737 1787 integerrimum
768 1705 810 1768 et
839 1682 1013 1768 saturare
1048 1687 1220 1767 rubrum
1255 1685 1352 1772 Nu·

96 1835 163 1892 rer
193 1833 215 1890 a
245 1812 323 1896 basa
353 1810 469 1894 rostri
499 1834 712 1917 remotae,
763 1813 987 1914 oblongae,
1033 1828 1141 1892 totae
1186 1817 1352 1918 peruiae

96 1959 138 2020 et
171 1941 318 2046 nudae,
348 1939 538 2047 quamuis
569 1968 591 2025 a
624 1943 758 2025 fronte
785 1936 955 2045 ‘plumae
990 1937 1107 2021 rostri
1139 1935 1244 2020 basm
1276 1940 1351 2023 ali·

95 2087 295 2177 quousque
327 2065 559 2154 obucstiam.
623 2067 821 2152 Oculorum
855 2063 978 2148 irides
1004 2066 1206 2150 obscurae.

181 2349 185 2354 -
244 2292 372 2404 Caput
406 2295 519 2401 supra
552 2313 688 2380 totum
734 2285 845 2378 ultra
892 2289 979 2376 lora
1027 2310 1069 2375 et
1118 2293 1258 2376 oculos
1306 2310 1350 2376 et

89 2411 290 2528 usquein
324 2409 525 2506 ceruicem
555 2429 760 2532 nigrum,
792 2440 968 2506 attamen
1000 2419 1241 2527 plumarum
1261 2423 1351 2527 api-

83 2541 214 2632 cibus'
249 2545 539 2666 albicantibus,
586 2553 770 2637 maxime
810 2555 852 2633 in
888 2549 1043 2630 iuniori
1076 2571 1152 2632 aue
1183 2547 1349 2656 adsper-

84 2673 211 2778 sum,
258 2677 300 2760 in
352 2679 555 2763 biennibus
591 2683 721 2789 magis
754 2681 890 2785 nigrat
922 2695 1067 2760 uertex
1097 2695 1139 2756 er
1171 2677 1349 2784 apicibus

83 2806 305 2895 rarioribus
335 2806 620 2892 canescentibus
673 2809 889 2916 spargitur.
986 2804 1192 2913 Tempora
1243 2827 1348 2916 pone

78 2929 306 3016 oculos‘in
336 2932 526 3018 omnibus
557 2934 637 3022 late
669 2939 787 3044 nigra
822 2930 1104 3040 immaculata.

238 3157 342 3242 Auis
359 3150 499 3268 saban
531 3178 614 3248 tota
647 3162 761 3246 niuea
793 3161 861 3249 est.
936 3145 1096 3270 Dorsum
1128 3177 1229 3241 uero
1261 3151 1348 3278 leuf

76 3284 312 3395 cophaeum
331 3339 348 3389 -,
392 3289 527 3374 colore
561 3290 691 3394 magis
721 3291 930 3392 exsoleto,
979 3311 1104 3394 quam
1137 3284 1180 3369 in
1220 3284 1347 3371 {lerna
1434 3305 1440 3311 ⁴

76 3411 301 3496 hirundine
349 3431 392 3496 et
441 3413 529 3497 lato
571 3409 780 3510 auricilla,
831 3433 874 3492 et
923 3414 963 3488 in
997 3403 1145 3491 adultis
1177 3409 1344 3512 quidem

76 3539 409 3629 immaculatum.
507 3535 700 3624 Annicula
730 3553 862 3641 cero,
900 3531 1065 3640 qualem
1096 3536 1180 3612 icon
1214 3530 1344 3612 nostru

76 3667 281 3773 exhibet,
327 3668 578 3755 contermina
608 3657 776 3748 ceruicis
807 3685 928 3777 pars,
959 3657 1100 3744 liturio
1128 3657 1239 3784 fulcis
1271 3659 1342 3742 ad·

76 3799 238 3904 speria,
265 3791 353 3880 alae
384 3799 542 3908 spuriae
574 3793 805 3881 vernantis
839 3789 1070 3905 sagittatis,
1101 3786 1343 3894 nigricanti-

76 3921 152 4006 bus
183 3925 499 4032 distinguuntur.

238 4145 333 4236 Alae
362 4134 609 4260 longissimae
641 4131 859 4248 angustae,
897 4071 1074 4224 ¹caudam
1108 4129 1229 4241 longe
1259 4154 1341 4215 ex-

76 4275 238 4368 :edunt
304 4283 462 4372 Remea
493 4277 660 4392 prima,
700 4267 993 4380 minutlffima,
1041 4265 1174 4372 fusca,
1226 4281 1341 4474 affbcae
