4200 5617
119 585 123 592 .
307 519 488 619 emen
505 511 1371 678 sucOEss.REuCONT1NGENT.·
1395 547 1456 640 ις

195 752 282 844 vel
304 782 329 867 q
359 754 483 885 valor
515 751 768 866 paragrapho
793 754 969 864 septimo
1000 745 1189 844 definitus
1211 757 1462 848 substituatur

201 909 356 997 nempe
389 917 418 974 0
423 905 673 994 ‚0093133
706 884 803 968 hoc
815 883 940 966 modo
971 881 1044 966 isia
1077 883 1333 994 probabilitas
1359 890 1463 976 absu-

199 1015 298 1100 luta
318 1009 852 1129 fit:0,09000617a-‚
902 1008 991 1096 dicu
1035 1031 1212 1119 autem,
1262 1018 1371 1122 quod
1422 1019 1465 1102 iu

196 1140 281 1229 hoc
314 1142 489 1253 parvulo
520 1138 657 1238 salure
705 1141 851 1224 incerti
882 1139 978 1226 esse
1027 1141 1189 1248 potest,
1239 1141 1282 1224 id
1329 1143 1465 1230 solum

193 1273 299 1358 duas
329 1269 481 1377 figuras
511 1259 748 1354 numericas
783 1266 953 1355 ultimas
983 1267 1171 1375 spedlare
1235 1267 1345 1356 Sic
1332 1275 1466 1380 igitur

196 1401 389 1486 videmus
420 1399 527 1511 posse
557 1421 636 1506 pro
664 1402 784 1514 umor
815 1399 906 1484 casu
940 1395 1265 1508 probabilitatem
1311 1401 1464 1487 absolu-

193 1547 286 1612 tam
317 1529 582 1614 determinari
613 1525 756 1634 absque
806 1545 854 1612 rt
905 1548 983 1638 per
1018 1527 1124 1613 casus
1173 1527 1465 1640 intermedius,

196 1660 466 1768 procedamus
495 1677 617 1766 atque
649 1653 729 1738 hoc
760 1655 928 1739 demum
963 1652 1153 1764 estquod
1204 1656 1463 1764 potissimum

203 1787 497 1892 intendebam,
528 1809 626 1874 cum
659 1781 775 1872 hasce
803 1780 1097 1897 disquifitiones
1129 1783 1386 1898 susciperem.

317 2013 388 2112 .§.
426 2037 494 2099 21.
528 2010 646 2128 Quae
675 2012 783 2100 disis
814 1996 906 2102 sunt
938 2006 1177 2100 adhucdum
1228 2037 1329 2126 pure
1369 2015 1463 2100 stant

211 2138 419 2247 analytica
454 2206 468 2249 ‚
520 2143 844 2253 quandoquidem
906 2129 1178 2253 procreationi
1229 2142 1464 2254 puellorum

202 2267 488 2375 puellarumue
517 2270 696 2356 substitui
731 2269 922 2382 potuisset
951 2271 1153 2356 extractio
1184 2269 1466 2358 schedularum
1591 2265 1601 2276 ’

202 2393 288 2479 siue
319 2400 529 2503 nigrarum
546 2399 630 2484 fine
660 2402 839 2505 albarum
873 2423 927 2486 ex
947 2397 1117 2484 urna-fr
1153 2401 1279 2485 modo
1296 2399 1466 2490 schedu-

205 2521 325 2612 la'iu
357 2551 506 2612 urnam
538 2545 755 2638 reponatur
785 2533 1024 2642 priusquam
1054 2551 1162 2613 noua
1201 2528 1281 2612 siat
1328 2550 1464 2615 extra·

203 2651 323 2760 ᾶίος
357 2671 473 2760 rum,
505 2653 535 2738 fi
570 2678 745 2742 numero
775 2654 933 2768 aequali
964 2649 1174 2740 schedulae
1206 2655 1256 2740 de
1290 2673 1466 2766 utroque
1536 2674 1538 2685 ·
1648 2701 1652 2714 ·

198 2778 341 2870 colore
370 2785 414 2866 iu
449 2803 596 2866 umam
627 2779 1039 2904 repofiraetfuerinm
1070 2780 1323 2886 habebimus,
1355 2785 1466 2896 quod

201 2908 318 2995 uobis
347 2913 551 3016 ressui13
582 2904 707 3024 Quod
740 2909 771 2994 fi
802 2936 904 2996 vero
921 2907 1119 2996 schedulas
1138 2910 1273 3019 nigras
1290 2936 1467 2998 numero

202 3034 436 3149 praevalere
459 3059 704 3150 ponamus,
735 3040 956 3128 incidimus
983 3037 1029 3121 'iu
1060 3037 1230 3123 aiteram
1260 3037 1468 3151 hypothe-

202 3165 398 3279 finjqua
430 3169 604 3277 ponitur
633 3186 823 3252 naturam
858 3166 989 3276 magis
1025 3191 1195 3274 vergere
1231 3167 1279 3250 ad
1320 3163 1492 3253 serrum*

201 3293 466 3383 sirrmandum
500 3293 770 3383 masculinum
799 3319 929 3408 quam
964 3294 1222 3383 muliebrem.
1266 3293 1464 3380 Alterum

203 3421 308 3508 islud
338 3442 659 3533 argumentum,
693 3425 804 3534 quod
836 3425 951 3528 prius
975 3449 1053 3508 ceu
1087 3422 1316 3532 srmplicem
1336 3425 1394 3508 in
1425 3427 1464 3506 se

205 3549 392 3635 continet
422 3550 591 3653 casum,
597 3571 703 3630 nou
735 3545 864 3653 potest
896 3569 976 3628 non
1007 3571 1135 3632 nouos
1165 3551 1337 3634 obiicere
1356 3548 1463 3636 labo'-
1515 3612 1520 3626 .
1693 3630 1703 3651 ,

201 3699 270 3760 ree
301 3675 406 3760 mihi
440 3676 624 3762 noudum
657 3670 907 3782 exploratos·
941 3673 1132 3787 quicquid
1144 3674 1192 3762 id
1226 3673 1276 3761 fit
1309 3680 1464 3854 negotii

200 3805 403 3919 proximo
432 3802 652 3914 suscipiam
683 3801 786 3888 otio
