4200 5617
389 533 473 628 nr
521 531 830 674 ensuncno
884 530 1121 627 nuntro.
1287 561 1373 643 521

141 795 238 860 mox
268 767 390 878 dico,
422 767 697 876 longilltmae,
729 764 922 882 pollicem
955 767 1108 878 quippe
1137 771 1230 854 c'um
1261 765 1382 859 lineis

138 923 336 1011 quatuor,
365 922 407 986 et
440 906 522 987 lere
551 901 724 982 dimidia
757 897 917 1002 longae,
951 899 1109 980 inferne
1139 900 1234 982 odio
1264 899 1386 988 lineas

141 1033 272 1136 latae,
304 1031 439 1114 medio
478 1027 596 1116 lineis
644 1031 710 1104 lex
760 1027 1075 1135 respondentes,
1117 1030 1385 1142 extremitate

140 1158 337 1267 superiore
369 1161 445 1241 uix
474 1153 618 1238 duabus
650 1145 868 1260 aequales,
896 1155 973 1238 basa
1008 1157 1075 1239 sua
1122 1156 1208 1268 pilis
1256 1157 1387 1242 dentis

125 1293 188 1366 'est
219 1289 310 1371 albo
343 1286 485 1386 flauis,
528 1298 722 1387 tanquam
774 1279 886 1364 lanae
919 1283 1046 1394 specie
1099 1286 1388 1395 obducuntur,

136 1432 294 1522 uterque
324 1433 467 1494 eorum
501 1408 604 1494 latur
623 1413 802 1492 anterius
833 1413 943 1494 intus
975 1408 1171 1496 adfinem
1205 1415 1385 1525 procella

136 1541 393 1647 cartilagineo
438 1538 623 1622 audium.
721 1536 865 1648 Margo
913 1541 1128 1626 reuolutus
1165 1540 1389 1654 supeficier
1428 1635 1432 1640 A

127 1671 261 1782 supino
282 1669 360 1752 lnss
401 1665 635 1753 nudiusct'tla
683 1667 825 1778 apicem
875 1673 1009 1754 uersus
1055 1687 1098 1752 et
1147 1671 1389 1777 marginibus

122 1798 212 1914 pilis
262 1794 545 1897 molliffimis,
595 1795 732 1878 albido
771 1839 790 1856 ·
822 1797 1012 1902 gryseis,
1058 1792 1387 1882 incumbentibus

127 1925 262 2027 tedia„
309 1925 462 2033 inferior
507 1919 586 2006 basi
637 1921 849 2032 medioque
898 1926 1073 2009 omnino
1126 1931 1264 2032 nuda,
1311 1929 1387 2013 sed

125 2053 433 2136 extremitatem
467 2051 602 2136 uersus
631 2070 671 2135 et
701 2051 749 2134 ad
800 2051 960 2163 apicem
1011 2049 1237 2159 similibus,
1285 2073 1391 2161 quos

129 2183 327 2268 continuo
390 2183 608 2287 enarraui,
660 2179 753 2290 pilis
805 2182 963 2264 munita
1016 2177 1212 2287 Mystoces
1260 2181 1387 2291 capiti

126 2312 321 2420 utrinque
350 2308 565 2419 adpofitae,
598 2307 757 2415 molles,
789 2332 841 2392 ex
859 2307 1120 2416 albo‘nigrae,
1158 2309 1390 2420 posteriori·
1487 2307 1490 2312 ’

125 2435 201 2518 bus
236 2435 487 2543 longioribus
518 2436 715 2543 inflexae,
747 2459 922 2524 numero
955 2439 1235 2522 inconstantes.
1277 2437 1390 2522 Don-
1432 2503 1437 2510 .

124 2568 225 2650 tium
256 2569 309 2651 est
344 2575 503 2677 lequens
535 2567 668 2670 ratio,
699 2563 873 2672 insistitur
908 2566 952 2646 in
1005 2581 1176 2676 utraque
1223 2562 1391 2650 maxilla

124 2693 246 2800 duo,
277 2695 443 2804 reliquis
477 2689 923 2802 longiores,cuneati;
956 2689 1003 2774 iis
1035 2693 1079 2777 in
1099 2691 1293 2806 superiore
1324 2693 1393 2780 ad·

109 2823 303 2915 ,modum
324 2822 601 2928 distantibus,
634 2821 777 2906 dextro
808 2817 963 2905 stnillro
995 2817 1214 2929 longiore,
1251 2823 1302 2909 iis
1347 2821 1392 2906 in

123 2949 322 3038 inferiore
356 2953 619 3058 vicinioribus
650 2950 796 3037 dextro
842 2949 995 3034 iterum
1045 2948 1267 3057 longiore,
1317 2939 1395 3058 libis

120 3103 229 3164 veto
262 3107 340 3164 non
375 3085 641 3190 respondent,
675 3078 739 3162 sed
779 3078 967 3162 incisores
1007 3081 1300 3190 luperiorib'us.
1324 3078 1393 3166 sub

117 3204 272 3292 alterni
305 3215 409 3294 lunt.
473 3208 649 3294 Lautiorii
681 3211 721 3288 in
757 3204 924 3293 maxilla
970 3207 1167 3316 superiori
1197 3209 1391 3316 utrinque

136 3352 177 3430 5.
213 3339 352 3443 primo
380 3338 592 3418 omnium.
621 3337 838 3436 minimo,
888 3333 996 3415 audie
1035 3356 1135 3418 cum
1185 3336 1392 3441 secundo,

119 3461 199 3568 qui
233 3466 460 3550 antrorsum
494 3463 696 3549 decumbit
726 3461 904 3562 adnato,
938 3485 961 3542 a
995 3463 1161 3568 reliquis
1192 3465 1390 3570 distante,

120 3589 255 3676 tertio
286 3610 326 3673 et
358 3607 505 3699 quarto
555 3589 699 3674 erestis
749 3606 793 3669 et
841 3589 1011 3693 uicinis,
1060 3593 1207 3699 quinto
1252 3593 1390 3674 rursus

119 3718 326 3818 minore,
359 3737 520 3802 remoto
550 3738 592 3803 et
624 3715 794 3799 interius
829 3713 988 3823 posito,
1018 3716 1062 3796 in
1111 3718 1388 3804 maxilla-id-

113 3844 275 3952 seriore
309 3849 610 3954 utrinque.tres
645 3845 885 3928 antrorlum.
910 3844 1213 3954 decumbentes,
1244 3846 1415 3956 uicini,

120 3973 270 4060 medio
302 3971 531 4060 lateralibus
563 3973 757 4078 longiore
794 3969 969 4056 Molores
1001 3971 1043 4056 in
1076 3974 1391 4088 ittaque-man-

117 4097 269 4186 dibula
288 4107 480 4214 utrinque
512 4128 566 4205 4.-
589 4101 839 4198 uicinlllimi,
870 4127 893 4186 e
923 4101 1061 4211 quibus
1076 4105 1237 4211 primus
1255 4104 1391 4215 manis

109 4251 233 4326 ‚mus
275 4227 524 4342 ultimusque
575 4229 775 4313 minimus
825 4232 890 4316 cl‘t
955 4228 1161 4340 Vtrasque.
1196 4234 1391 4318 rmxillac

111 4380 277 4442 catomo
309 4363 493 4466 margine
527 4357 662 4452 nudae.
695 4359 857 4454 Palmae
882 4375 923 4446 st
958 4363 1075 4468 pedes
1105 4360 1389 4473 pentadac‘tili,

198 4484 754 4580 Tomx1v.N0u.c0mm.
905 4487 1039 4576 Vsu
1250 4512 1391 4602 corpo-
