4200 5617
521 580 527 589 “
675 612 737 706 a6
906 574 909 579 ’
1090 590 1517 709 -tissloll‘alw
1628 667 1653 687 „

964 801 1643 957 PHYSICA'·

887 1326 895 1338 ’
999 1334 1180 1455 Mus
1262 1330 1606 1449 Suslica.

677 1572 942 1703 Auctore
989 1575 1068 1699 A.
1115 1574 1159 1754 Ι
1203 1566 1650 1695 Gueldenstaedt
1702 1608 1759 1735 p.
1809 1569 1975 1739 389.Α
2077 1532 2080 1546 ¹

558 1922 562 1951 l
875 1932 990 1991 utem
1021 1902 1134 1991 hunc
1170 1905 1310 1989 minus
1350 1902 1482 1989 adhuc
1531 1906 1784 2013 cognitum,
1831 1898 1952 1993 tamss

905 2062 1054 2147 porum
1087 2033 1267 2119 australis
1298 2034 1585 2141 orientalisque
1618 2030 1774 2121 Russiae
1815 2036 1953 2122 deset-

905 2184 1047 2248 totum
1084 2152 1294 2267 in'colam,
1325 2185 1450 2269 quem
1485 2162 1554 2245 hic
1592 2156 1795 2267 Zoologia
1827 2162 1948 2251 offert

678 2290 745 2385 ΕΙ.
780 2295 976 2396 Aulion,
1006 2292 1107 2375 adeo
1134 2287 1300 2376 solerter
1332 2292 1581 2399 proposuit,
1615 2314 1662 2372 tt
1693 2294 1735 2374 in
1764 2289 1953 2375 delinen-

681 2424 792 2510 tione
827 2423 953 2535 ipsrus
985 2420 1103 2531 plura
1140 2416 1351 2505 defidetari
1383 2420 1471 2501 sere-
1499 2440 1710 2527 nequeant
1774 2416 1952 2523 Tracia.
2081 2445 2082 2450 Ν

679 2552 740 2637 tio
789 2576 812 2633 n
864 2548 933 2637 Cl.
984 2547 1172 2632 Auctore
1216 2544 1266 2625 de
1319 2543 1395 2629 illo
1426 2541 1623 2624 elaborata
1654 2544 1954 2652 complesiitut

686 2689 743 2765 ι’.
776 2675 1092 2779 descriptionem
1126 2669 1322 2754 omnium
1356 2670 1536 2775 partium
1567 2693 1665 2754 cum
1717 2672 1955 2759 dimenso-

680 2802 798 2887 nibus
829 2819 1080 2904 accuratam,
1115 2801 1172 2877 2⁰.
1208 2798 1475 2879 Anatomiam
1524 2799 1715 2881 omnibus
1765 2805 1956 2887 numeris
2022 2797 2024 2800 ’

674 2927 933 3032 absolutam,
970 2936 1027 3029 3⁰.
1063 2924 1322 3030 oeconomiae
1356 2919 1596 3029 singularis,
1624 2930 1821 3012 satorum·
1854 2931 1951 3015 moss

679 3078 859 3165 rumque
907 3056 1099 3139 notitiam
1149 3052 1393 3136 concinnam
1443 3071 1485 3135 et
1533 3058 1593 3153 4⁰.
1634 3062 1955 3163 annotationes,

681 3186 826 3295 quibus
846 3180 995 3293 suasca
1026 3208 1048 3263 a
1082 3199 1302 3284 marmora,
1351 3181 1492 3263 criceto
1542 3178 1715 3293 aliisque
1764 3179 1950 3271 maxime

681 3308 873 3397 affinibus
903 3306 1064 3412 generis
1100 3306 1256 3411 murini
1287 3309 1483 3415 speciebus
1515 3307 1813 3429 distinguitur,
1855 3338 1944 3424 per·

682 3440 849 3549 spicuas.
916 3432 1137 3527 character
1168 3434 1374 3545 specificus
1403 3432 1480 3519 hoc
1517 3438 1639 3523 modo
1673 3440 1811 3525 audit:
1847 3436 1944 3526 Mus

679 3582 832 3678 corpore
849 3561 957 3673 fusco
974 3560 1229 3671 flauessenti,
1276 3560 1378 3660 dursti
1410 3563 1566 3644 maculis
1597 3567 1769 3650 rotundis
1806 3568 1948 3652 albidis

683 3692 917 3800 variegata,
969 3686 1093 3771 cauda
1120 3682 1257 3797 pedum
1289 3684 1547 3795 longitndine,
1593 3688 1756 3802 depreffla
1801 3690 1948 3805 pilosa,

675 3821 816 3936 palmis
850 3810 1112 3937 tetradnliylis
1136 3809 1282 3922 plantis
1305 3812 1596 3925 pentadattylis.
1688 3816 1817 3901 Nobis
1851 3844 1946 3903 mua

681 3949 752 4051 hic
787 3936 1000 4053 ipsissimus
1034 3941 1088 4024 est
1121 3936 1287 4025 Citillus
1322 3943 1574 4048 Agricolae,
1623 3968 1748 4053 quem
1784 3948 1943 4049 nemini

684 4069 975 4177 Zonlogorum
1024 4071 1110 4175 poli
1160 4067 1329 4171 illum,
1381 4070 1540 4155 etiamst
1597 4074 1637 4153 in
1690 4073 1854 4158 Polonia
1901 4094 1943 4157 et

682 4198 814 4285 Rossra
848 4182 1074 4279 australiori
1106 4198 1808 4309 frequentifflmumanimalculum,
1840 4226 1939 4289 ocu·

685 4326 739 4413 lis
772 4326 907 4413 uidere
938 4324 1070 4415 licuit.

1885 4551 1941 4645 ΙΙ.
