4200 5617
756 593 853 690 aaa
1071 569 1173 660 oe
1235 555 1792 658 rurucrnrrs

750 811 908 926 quouis
956 819 1144 917 ternpore
1195 798 1340 915 pressio
1394 819 1473 912 pro
1519 793 1655 883 lubitu
1688 793 1756 884 rel
1786 793 2015 904 angeriaci

752 936 943 1030 diminui
981 938 1120 1046 potest.
1184 928 1391 1048 Quicquid
1423 945 1561 1014 atttem
1596 925 1812 1040 pereites
1846 945 2013 1012 externas

757 1069 875 1158 effici
908 1066 1069 1179 potest,
1102 1065 1252 1150 necesse
1284 1059 1372 1164 eil,
1404 1076 1453 1144 ut
1487 1055 1570 1144 id'
1558 1081 1600 1141 m
1620 1056 1823 1141 solutione
1855 1059 2036 1162 generali

766 1199 1039 1286 contincatur.
1134 1191 1179 1281 Si
1229 1213 1330 1298 ergo
1362 1187 1453 1274 talis
1486 1186 1665 1273 mutatio
1694 1185 1736 1267 in
1771 1184 1925 1269 uiribus
1952 1183 2036 1270 ex·³

763 1332 891 1415 ternis
942 1351 1024 1409 non
1075 1323 1351 1431 admittatur,
1404 1343 1496 1404 eam
1544 1314 1747 1435 temporis
1778 1311 2007 1402 mustionen

761 1457 912 1546 omitti
945 1471 1123 1569 oportet.
1169 1555 1173 1563 ¹
1213 1461 1217 1468 '

1174 1667 1497 1793 Coroll.
1585 1707 1633 1816 ς.

911 1865 991 1956 78.
1058 1853 1301 1968 Quicunque
1356 1871 1497 1935 autem
1557 1845 1733 1954 fingatur
1790 1836 1998 1926 huiusmui

757 1994 905 2069 motus
938 1984 1193 2090 vorticosus,
1226 1986 1333 2070 uires
1383 1975 1643 2066 sollicitantes
1674 1973 1728 2076 P,
1756 1971 1836 2087 Q,
1859 1971 1918 2074 R,
1945 1993 1996 2080 qua

762 2112 1054 2224 modocuuque
1085 2113 1212 2204 etiarn
1244 2111 1322 2199 smt
1354 2123 1642 2216 comparatae,
1673 2103 1906 2212 neutiquam
1935 2101 1999 2182 in·

760 2241 973 2351 pediunt,
1009 2267 1092 2352 quo
1127 2245 1262 2326 minus
1295 2243 1328 2325 is
1377 2235 1575 2330 subsrstere
1620 2249 1775 2342 queat,
1808 2225 1997 2316 dummodo

760 2367 942 2454 formula
961 2363 1578 2487 de÷Qdy÷RdzzdS
1608 2362 1917 2468 integrationem
1944 2359 1996 2442 al

758 2496 925 2581 mittat
926 2500 1130 2609 ,semper
1161 2501 1314 2588 scilicet
1347 2496 1501 2583 uiribus
1527 2491 1712 2580 externis
1743 2491 1787 2578 in
1815 2487 1998 2578 subsidium

760 2563 956 2712 'mandis
981 2630 1079 2716 ralis
1105 2649 1250 2716 motus
1273 2627 1456 2717 obtineri
1485 2623 1653 2740 poterit⁴

1160 2841 1557 2967 Coroll
1570 2879 1641 3004 4

900 2986 989 3131 79.
1032 3023 1247 3140 Quoniam
1293 3047 1384 3116 tora
1433 3023 1549 3109 fluidi
1605 3021 1725 3108 massa
1765 3021 1864 3106 circa
1888 3043 1997 3108 axem

754 3147 901 3238 baum
926 3148 1027 3237 O'C
1056 3178 1265 3262 gyratur,
1307 3183 1337 3241 a
1372 3179 1462 3269 quo
1512 3150 1672 3262 fingula
1704 3153 1879 3238 elementa
1913 3176 1999 3231 ean

760 3281 864 3363 -dem
895 3280 1131 3365 conseruent
1162 3285 1388 3370 distantiam
1406 3351 1423 3394 ,
1462 3302 1546 3370 tota
1577 3281 1699 3368 massa
1728 3279 1800 3366 rasi
1830 3277 1998 3362 rotundo

755 3405 831 3491 ‘seu
867 3414 1033 3491 tornato
1060 3407 1214 3497 inclusa
1245 3415 1405 3526 concipi
1439 3415 1569 3522 potest
1602 3413 1718 3500 cuius
1747 3411 1823 3496 axia
1851 3399 1989 3492 lttCO.

755 3534 832 3620 :Ad
864 3550 1025 3621 motum
1057 3557 1199 3624 autem
1231 3538 1334 3628 nihil
1389 3543 1543 3650 refert,
1594 3539 1722 3654 qualis
1765 3529 1890 3647 figura
1940 3531 1988 3642 ipi
2035 3573 2036 3578 Ν

753 3662 998 3770 tribuatur,
1044 3667 1276 3757 dummodo
1308 3697 1453 3758 omnes
1486 3675 1574 3758 eiua
1601 3671 1794 3760 sectiones
1821 3669 1866 3754 ad
1892 3683 1987 3750 areu

752 3785 847 3882 OC
876 3794 1086 3882 normales
1117 3801 1271 3890 suerint
1303 3801 1459 3888 circuli

1147 4016 1496 4140 Scholion
1580 4065 1625 4142 r

907 4195 983 4281 '.80
1023 4192 1118 4315 Quo
1165 4195 1268 4286 haec
1320 4197 1467 4284 clarius
1510 4217 1802 4320 exponamus
1844 4192 1999 4280 fluidum

745 4314 834 4402 rori
866 4325 1060 4422 grauitati
1114 4313 1339 4412 subiesium
1382 4331 1637 4436 statuamus
1681 4337 1807 4418 cujus
1854 4321 2002 4413 dffefflo

757 4444 811 4532 fit
844 4442 964 4560 CO,
992 4457 1061 4537 ‘seu
1111 4459 1248 4569 potius
1284 4458 1381 4556 allis
1405 4393 1655 4572 ginnonis
1703 4459 1796 4550 OC
1841 4469 2001 4572 ΡΟΜῃιῐ

1852 4601 2005 4670 numa·
