4200 5617
1413 171 1447 238 δ’

431 505 436 514 ’
575 567 583 584 ·
719 522 834 644 ⁵60'
1010 503 1691 640 onscnlurmnns

719 737 925 861 uel‚'qni
962 747 1202 855 tardfflime,
1237 752 1334 831 ante
1387 747 1570 830 eiusdem
1625 740 1822 829 medium
1872 741 1973 838 (set.

720 881 822 988 Styl.
878 883 1040 984 nou),
1087 903 1139 961 ex
1190 879 1318 965 antris
1364 877 1565 987 paulatim
1607 879 1780 983 pertuso
1826 877 1974 985 caespite

724 1031 877 1094 exeunt
912 1005 1078 1109 citilli;
1113 1010 1154 1089 in
1183 1005 1396 1091 altioribus
1429 999 1844 1113 austroque'obuerfis
1874 1003 1973 1088 colli·
2036 984 2038 1009 '

720 1137 820 1238 bus,
852 1134 920 1220 ubi
956 1137 1042 1218 cito
1085 1151 1253 1242 pereunt
1296 1137 1438 1244 niues,
1487 1134 1647 1234 citius,
1696 1131 1738 1214 in
1791 1133 1972 1238 frigidiori
2036 1164 2037 1173 ¹

723 1281 765 1348 et
799 1266 994 1346 inundato
1025 1286 1047 1344 a
1082 1261 1280 1345 niualibus
1312 1262 1431 1345 undis
1465 1283 1614 1370 campo
1642 1245 1810 1346 tardius
1864 1260 1971 1346 illati·
2036 1258 2037 1261 ‘

629 1449 633 1458 ·
723 1371 934 1476 lentilltmi
977 1410 1074 1472 tunc
1128 1389 1243 1496 funt,
1293 1407 1454 1474 tantum
1505 1393 1549 1472 in
1598 1380 1714 1496 iliis,
1765 1387 1903 1474 axillis
1942 1409 1971 1472 et
2036 1440 2037 1499 5

725 1523 902 1607 omentis
949 1516 1091 1604 relifia
1140 1519 1421 1630 pinguedine,
1471 1541 1596 1626 quam
1646 1533 1856 1603 autumno
1895 1519 1970 1602 adea
2036 1516 2037 1533 ¹

725 1651 884 1759 copiose
915 1646 1174 1750 collegerant.
1242 1642 1535 1760 ventriculum
1570 1663 1614 1728 et
1655 1647 1841 1732 intestina
1893 1666 1972 1730 tuot

712 1779 909 1880 ‚inuenias
938 1795 1095 1878 uacua,
1125 1793 1167 1857 et
1200 1797 1326 1885 usque
1358 1775 1455 1860 adeo
1484 1773 1727 1889 contradis,
1770 1791 1819 1856 ut
1866 1777 1974 1858 etiarn

724 1904 955 1992 reltementi
991 1901 1215 1998 sufflatione
1247 1894 1323 1990 uix
1366 1904 1415 1986 ad
1461 1905 1685 1990 dimidium
1738 1902 1877 1991 solitae
1913 1929 1974 1987 ca·

722 2031 1102 2145 pacitatisdillendi
1151 2051 1329 2141 queant3
1379 2031 1507 2116 etiam
1556 2056 1762 2142 coecum,
1810 2035 1978 2140 quamuis

727 2160 841 2266 hoc,
874 2161 941 2244 sub
967 2157 1102 2256 ‚finem
1136 2184 1300 2270 quoque
1332 2157 1498 2267 hyemis
1519 2155 1540 2266 ,'
1565 2165 1723 2273 semper
1776 2163 1908 2244 fuscae
1934 2166 1981 2251 fa·

723 2291 863 2376 burrae
914 2289 1172 2400 aliquantum
1226 2290 1438 2375 contineat.
1537 2290 1691 2376 Primis
1716 2400 1724 2410 .
1746 2292 1984 2400 temporibus

716 2421 775 2512 ,ob
808 2415 925 2519 ¹hanc
960 2421 1104 2524 ..ipsam
1152 2423 1314 2502 causam
1370 2414 1506 2502 Citilli
1556 2415 1720 2505 nonulli
1775 2421 1987 2530 parcishme

659 2621 662 2628 ,
728 2548 865 2634 cibum
900 2547 1092 2654 capiunt,
1122 2563 1291 2629 canente
1325 2541 1516 2648 Naturae
1548 2566 1599 2632 ut
1632 2547 1751 2630 lente
1780 2572 1804 2630 a
1834 2547 1987 2630 diutur-

678 2747 681 2754 .
719 2702 781 2772 ‚no
817 2674 967 2756 ieiunio
1001 2673 1238 2762 desuescant.
1276 2671 1430 2760 Nihilo
1464 2693 1605 2758 tamen
1637 2676 1790 2781 secius,
1823 2674 1987 2780 hyberno

723 2807 865 2912 somno
895 2823 935 2886 et
970 2805 1095 2886 diaeta
1128 2800 1235 2911 quasi
1267 2805 1506 2912 praeparati,
1538 2804 1676 2888 statim
1698 2821 1826 2913 atque
1854 2827 1988 2888 exeun
2037 2812 2038 2817 '

727 2932 905 3018 tumidis
936 2930 1093 3048 testibus
1116 2921 1257 3014 'mares
1295 2949 1414 3039 atque
1440 2929 1600 3047 florido
1651 2953 1771 3017 utero
1823 2933 1991 3016 sermore

726 3061 769 3146 in
810 3081 1000 3144 uenerem
1025 3043 1192 3144 ruunt.
1263 3059 1411 3147 Videas.
1438 3078 1537 3147 tutte
1569 3059 1612 3144 iu
1646 3061 1808 3172 campis
1852 3061 1999 3171 ubique

721 3211 801 3302 pet·
828 3188 943 3300 paria
975 3183 1235 3278 ambulantes.
1341 3269 1345 3278 ,
1966 3171 1974 3185 ’

741 3501 743 3506 -
830 3403 1084 3556 ’·”’ρυαῐῃυῐε
1122 3465 1173 3526 eo
1206 3462 1392 3554 tempore
1441 3447 1546 3530 uix:
1566 3439 1771 3553 pullulare
1827 3443 2001 3554 incipiat

609 3643 618 3646 -
691 3563 841 3681 ,herba
877 3594 1012 3656 tamen
1044 3572 1130 3656 cito
1161 3571 1380 3655 admodum
1417 3573 1696 3682 pinguescunt.
1755 3569 1816 3654 In
1851 3577 2002 3656 nentri·

623 3769 624 3773 a
726 3705 861 3803 culis,
895 3723 1026 3786 uerno
1061 3717 1247 3805 tempore
1276 3702 1567 3806 dissediorum,
1600 3698 1737 3784 adhuc
1775 3723 1866 3784 non
1916 3701 2003 3786 bene

725 3830 934 3929 distentis,
971 3823 1210 3936 plerumque
1245 3826 1302 3910 nil
1331 3823 1426 3911 'nifi
1478 3853 1649 3936 gramen
1702 3846 1751 3912 et
1804 3829 2004 3911 fruticum

722 3942 889 4046 'cortices
921 3956 1290 4038 commanducatus
1322 3954 1458 4041 inueni
1491 3975 1778 4064 contentaque
1805 3961 2001 4044 ventrina

725 4089 755 4174 li
793 4087 835 4167 in
859 4079 1071 4191 purissimo
1102 4079 1225 4166 hocce
1256 4081 1497 4168 animalcula
1524 4111 1609 4172 non
1641 4083 1784 4194 folum
1831 4083 2005 4168 nauseoli

727 4211 833 4298 nihil
865 4209 1006 4316 olent,
1039 4211 1147 4316 quod
1182 4213 1381 4321 plerisque
1413 4234 1548 4296 tamen
1569 4215 1838 4300 animalibus
1870 4215 2011 4298 lolem·

723 4369 779 4432 ne
812 4339 899 4444 est,
932 4337 995 4423 fed
1025 4337 1298 4444 gratissimum
1331 4342 1456 4426 etiam
1504 4361 1547 4425 et
1593 4340 1712 4459 quafi
1762 4372 1791 4432 e
1844 4338 2016 4432 concisis

1883 4471 2016 4556 Betu-
