4200 5617
581 459 584 483 ’
691 535 782 614 216
862 524 1006 612 nn
1072 474 1733 618 mantuanam

692 773 759 840 tus
793 741 1084 862 supprimere?
1115 746 1278 834 Verum
1313 749 1428 834 enim
1459 766 1584 852 aero,
1615 770 1750 854 quum
1784 736 1950 835 Metho-x

693 886 764 964 dus
797 907 818 962 a
853 904 918 962 me
951 877 1162 982 adhibita,
1207 875 1316 962 haud
1353 899 1496 988 parum
1527 875 1687 961 differat
1735 874 1785 956 ab
1838 877 1950 984 illis,

693 1030 795 1114 quae
828 995 878 1089 in'
905 1005 981 1093 hoc
1014 1007 1179 1110 negotio
1213 1004 1295 1088 huc
1343 1026 1470 1113 usque
1521 1001 1665 1090 allatae
1715 1002 1837 1107 sunt,
1886 1027 1948 1087 nec

694 1135 775 1218 suis
810 1131 926 1242 plane
958 1135 1198 1218 destituatur
1232 1133 1492 1236 commodis,
1537 1152 1561 1210 e
1600 1151 1645 1212 re
1695 1125 1772 1210 elle
1823 1129 1950 1234 duxi,

696 1261 860 1348 eandem
896 1262 1055 1346 Iudicio
1088 1255 1380 1346 illustriffimae
1410 1253 1657 1343 Academiae
1687 1253 1837 1346 scient.
1869 1256 1949 1344 lm·

698 1388 865 1498 petiolis
898 1389 1145 1476 submittere.

909 1677 948 1732 α.
1006 1647 1057 1733 In
1112 1643 1352 1759 aequatione
1397 1634 1663 1754 [differentiali
1724 1639 1951 1752 propolita,
2045 1709 2046 1716 a

700 1793 821 1882 quam
870 1775 1035 1858 maioris
1089 1774 1297 1860 flebilitatis
1349 1778 1513 1878 gratia,
1559 1772 1645 1883 post
1675 1765 1751 1851 hac
1783 1792 1853 1878 per
1885 1767 1951 1882 (1)

629 1893 638 1910 “
698 1899 937 2006 designabo,
968 1904 1057 1983 sunt
1089 1921 1120 1982 x
1148 1919 1189 1985 et
1210 1909 1255 2004 y'
1275 1901 1516 2008 quantitates
1546 1895 1759 1982 variabiles
1784 1921 1950 1982 earum·

699 2051 780 2136 que
813 2031 1017 2116 fluxiones
1047 2025 1125 2132 dx,
1136 2026 1188 2136 dy
1222 2013 1393 2134 quatum
1424 2023 1486 2112 dx
1516 2024 1736 2110 adtamitur
1765 2025 1953 2133 constans,

701 2181 728 2239 a
760 2177 863 2236 vero
892 2155 931 2263 b,
961 2182 1000 2258 c,
1030 2179 1055 2237 r
1085 2153 1277 2240 denotant
1308 2154 1520 2238 constantes
1550 2171 1592 2239 et
1621 2152 1804 2261 cognitas
1830 2178 1952 2264 quan-

702 2285 866 2386 titates,
914 2307 939 2365 n
988 2304 1214 2402 numerum
1260 2269 1471 2390 integlum
1519 2305 1806 2390 quemcunque
1837 2303 1881 2366 et
1911 2285 1952 2366 X

700 2409 956 2494 functionem
989 2413 1211 2520 quamlibet
1243 2409 1368 2520 iplius
1419 2433 1458 2496 x.
1540 2409 1670 2492 Huius
1712 2409 1955 2519 aequationis

701 2536 939 2642 integrale,
983 2555 1031 2620 vt
1064 2541 1147 2620 iam
1179 2535 1411 2646 inuestigati
1443 2534 1596 2648 poffit,
1632 2525 1816 2649 'ponatur
1846 2538 1954 2622 idem

699 2661 897 2772 sequentis
928 2659 1001 2749 etse
1032 2667 1218 2754 iormaet
1644 2774 1648 2782 Ι
1733 2768 1738 2778 .

699 2827 1951 2953 a”a¹·¹y÷aa’⁹··dt·²ydx÷ts.a”·²d·-⁸ydx’÷....,

1738 2957 1764 3014 u

920 3141 927 3154 ¹
1409 2958 1950 3141 -t-aaytlmnjgzdm‘·

704 3193 820 3279 euius
851 3196 1103 3302 aequationis
1134 3189 1289 3280 indoles
1319 3188 1433 3280 facile
1463 3192 1646 3306 patebit,
1685 3196 1821 3286 modo.
1843 3197 1945 3280 talo·

701 3342 768 3405 nes
811 3321 1083 3406 constantium
1134 3324 1201 3408 sed
1246 3324 1550 3431 incognitarum
1603 3323 1881 3434 quantitatum
1910 3350 1950 3425 a,

702 3449 790 3559 β..
813 3453 873 3530 ,λ
904 3466 1023 3556 atque
1056 3449 1261 3536 variabilis
1288 3454 1522 3561 quantitatis
1550 3474 1578 3532 z
1610 3470 1732 3535 erunt
1761 3452 1950 3536 determi-

699 3575 796 3661 nati.
863 3577 961 3688 Quo
992 3601 1132 3662 autem
1160 3579 1351 3680 facilius,
1396 3580 1520 3688 ipsius
1552 3603 1587 3663 z¹
1612 3581 1813 3686 genuinus
1845 3579 1950 3664 dete·

701 3724 822 3811 gatus
855 3702 1003 3810 valor,
1036 3706 1228 3816 primum
1259 3705 1594 3796 considerandum
1625 3706 1780 3811 uenit,
1811 3726 1950 3793 utrum

700 3832 800 3916 haec
850 3833 1087 3940 quantitas,
1135 3833 1251 3918 unice
1282 3833 1333 3919 sit
1363 3837 1516 3920 sunnio
1547 3830 1668 3944 iplius
1698 3861 1745 3940 x,
1776 3859 1827 3917 an
1858 3859 1953 3920 aero

701 3957 827 4045 fimul
861 3961 1063 4044 contineat
1081 3989 1132 4066 y,
1160 3982 1230 4056 aut
1264 3965 1464 4073 quandam
1497 3964 1585 4044 eius
1635 3965 1859 4054 fluxionem
1908 3980 1954 4046 at

602 4081 606 4088 ’
703 4079 821 4194 atys
870 4085 1347 4200 Pommusideoquez
1396 4092 1608 4175 continere
1626 4118 1662 4190 y
1707 4089 1955 4200 litqueda

704 4211 1017 4324 :Qdy-ers,
1068 4215 1140 4303 abi
1187 4217 1290 4330 Qdy
1335 4217 1514 4324 defignat
1545 4216 1805 4303 differentiale
1833 4214 1961 4326 ‘aplius

676 4361 754 4450 a,
784 4338 890 4452 quod
923 4342 1150 4456 prouenit,
1197 4349 1298 4436 dum
1329 4344 1465 4456 solay
1498 4363 1545 4430 ut
1576 4344 1779 4438 variabilis
1812 4344 1961 4430 tratta-
2043 4350 2044 4425 t

1862 4491 1966 4582 tur,
