4200 5617
350 483 1190 584 GEMELLIFERVM.
1308 514 1403 599 477

136 747 236 810 tum
268 721 416 808 vitello
448 726 637 808 amnium
668 742 827 831 quoque
860 713 977 804 omni
1011 737 1198 828 tempore
1229 713 1401 814 includit
1545 790 1550 794 .

141 872 184 938 et
215 873 323 934 nunc
356 855 474 962 super
507 852 695 936 albumen
714 849 1085 960 quoqueprodudia
1105 850 1173 952 est,
1203 855 1401 939 exteriori.

136 980 282 1089 parieti
316 980 464 1066 venene
497 987 595 1065 adeo
627 977 803 1060 firmiter
835 979 1057 1080 adhaeret,
1102 997 1151 1062 vt
1181 980 1229 1065 ab
1260 987 1401 1067 eadem

138 1110 309 1217 separari
343 1133 424 1194 non
458 1108 606 1217 polin,
645 1104 827 1212 adeoque
875 1099 1034 1190 nonnili
1082 1105 1249 1194 trimam
1300 1135 1403 1194 cum

135 1235 237 1340 hac,
271 1238 546 1324 membranam
579 1232 747 1338 efficiat,
772 1255 902 1341 quam
959 1229 1197 1346 Malpr'ghr'ar
1222 1237 1399 1323 choriun
1463 1331 1477 1340 ¹,

135 1363 325 1451 Halteras
356 1361 634 1446 membranam
667 1360 951 1448 vmbilicalem
980 1362 1173 1472 appellat
1214 1366 1398 1452 Interior

133 1515 275 1578 autem
294 1489 457 1575 ⁴relicte
492 1491 618 1600 paries
646 1488 722 1576 soli
740 1491 882 1574 amnio
912 1491 1070 1575 adnata
1101 1493 1172 1598 est,
1201 1520 1225 1578 a
1253 1495 1401 1582 uitello

136 1621 259 1707 libera
310 1635 460 1704 manet.
548 1617 616 1704 Sic
664 1615 819 1728 duplex
865 1616 1161 1726 inuolucrum,
1208 1615 1402 1734 idemque

134 1773 357 1836 commune
389 1746 561 1852 oritur,
593 1747 703 1858 quod
735 1749 960 1847 amnium,
992 1744 1183 1834 vitellum
1214 1767 1258 1836 et
1289 1750 1402 1835 albu·

135 1902 236 1961 men
274 1875 462 1960 includit.
527 1875 702 1959 Vitellus
733 1892 888 1982 autem,
920 1876 991 1984 qui
1025 1874 1216 1980 hedenus
1248 1875 1400 1991 duplici

131 2009 406 2106 membrana,
437 2001 508 2087 fibi
544 2007 740 2116 propria,
771 2003 994 2110 gaudebat,
1025 1999 1132 2090 nunc
1178 2025 1258 2087 uua
1308 2024 1401 2090 tau·

130 2151 229 2222 tum
260 2132 436 2242 gaudet;
467 2157 512 2214 ea
544 2157 723 2244 nempe,
754 2156 856 2240 quae
906 2132 1077 2217 interior
1123 2152 1246 2236 erat3
1295 2159 1395 2218 cum

127 2266 314 2349 exterior
346 2286 369 2342 a
403 2260 546 2346 chorio
577 2285 705 2372 nuper
736 2279 866 2367 nato,
896 2259 1013 2371 super
1055 2259 1244 2346 albumen
1297 2286 1396 2373 pro·

127 2391 258 2478 tradta
290 2391 373 2494 erl,
407 2393 581 2500 adeoque
612 2391 661 2475 ad
692 2389 1017 2477 constituendum
1046 2412 1270 2478 commune
1307 2386 1387 2478 hoe

126 2521 207 2608 oui
241 2517 508 2607 inuoluctum
540 2520 760 2608 concurrit.

266 2773 397 2870 ¹Nunc
428 2779 543 2870 facile
576 2781 852 2895 intelligitur,
885 2779 927 2866 ln
959 2804 1042 2869 ouo
1077 2778 1242 2889 nolito3
1286 2804 1393 2870 cunr

117 2915 399 3018 embtyoner,
429 2914 572 2998 amnio
610 2916 771 3027 prorsus
821 2909 1038 3017 destituti,
1086 2926 1206 2998 extra
1252 2913 1396 3002 vitelli

125 3041 412 3127 membranam
457 3043 705 3127 exteriorem
755 3039 821 3126 srti
871 3039 987 3143 srut;
1046 3033 1203 3125 vesicae
1250 3057 1392 3132 autem

122 3165 383 3256 umbilicaler
407 3170 528 3256 solito
558 3167 654 3255 loco
683 3161 791 3256 intra
820 3193 913 3256 earn
947 3167 1261 3272 contineantur3
1290 3172 1396 3255 dum

127 3291 210 3378 lrae
240 3300 356 3406 super
387 3317 525 3384 totum
559 3295 754 3384 vitellum
785 3315 828 3382 et
877 3295 1071 3379 albumen
1099 3292 1396 3405 extenduntur,

128 3418 346 3536 vitellique
394 3426 678 3514 membranam
742 3442 991 3528 externam,
1052 3418 1123 3506 fibi
1172 3422 1395 3534 adnatam,

123 3553 267 3636 seeum
298 3541 486 3661 ducunt3
518 3544 789 3638 innolucrum
822 3555 908 3638 iore
957 3569 1006 3635 vt
1058 3551 1152 3638 inde
1202 3551 1398 3658 oriatur,

122 3697 178 3762 ut
210 3673 449 3770 naturaliter
481 3681 572 3766 lieri
605 3680 725 3792 blot,
754 3681 861 3792 quod
896 3677 1090 3766 vitellum
1124 3693 1170 3764 et
1198 3677 1395 3768 albumen

121 3804 340 3916 includat,
370 3810 642 3921 rhodumque
692 3803 900 3922 Molpighr't'
927 3809 1166 3915 constituat,
1195 3811 1397 3915 embryo·

117 3959 198 4022 nea
227 3956 374 4024 autem
407 3941 522 4028 nullo
553 3937 676 4024 modo
706 3942 756 4026 ab
788 3936 865 4022 hoc
893 3933 1041 4024 chorio
1067 3944 1155 4024 iore
1191 3936 1394 4044 incluloea

116 4066 232 4173 quin
266 4069 404 4177 potius
433 4070 579 4174 eidem,
611 4067 674 4154 vti
709 4091 813 4153 nunc
848 4063 993 4153 vitello
1012 4069 1109 4152 nudi
1142 4067 1390 4155 incumbent.

118 4191 322 4306 Adeoque
369 4199 610 4284 immediate
656 4197 724 4282 sub
772 4195 865 4282 tella
915 4195 1110 4282 iacebunt.
1194 4194 1393 4304 ldemque

114 4325 264 4437 (latur,
294 4349 419 4441 teque
450 4329 547 4416 dum
565 4326 772 4440 prodeunt
803 4321 907 4432 pulli
939 4325 983 4412 in
1013 4321 1166 4433 lucem,
1199 4323 1390 4409 manebit.

633 4452 825 4557 Ooua
916 4487 918 4492 ·
1033 4553 1036 4560 ,
1190 4451 1392 4539 Videntur
