4200 5617
157 629 192 679 s
299 504 477 681 crater
494 440 747 691 succure
763 496 894 595 run
912 498 1325 656 couniuntur.
1378 484 1440 621 ιι

150 761 308 851 aeque
338 737 579 849 probabile
558 736 652 845 lit
677 700 733 823 at
761 734 935 821 certatio
975 710 1096 822 linita
1142 736 1194 820 fit
1240 738 1309 827 tel
1359 716 1443 853 nou

167 864 330 953 finita:
365 867 634 969 solutionem
660 868 807 971 indicat
838 846 1117 1001 paragraphus
1147 868 1437 979 duodecimuat

167 998 262 1079 erit
294 1020 442 1104 nempe
474 1017 673 1079 numerus
703 992 885 1086 ianuam
921 990 977 1107 ςὲ.
999 1014 1154 1091 roone
1189 995 1259 1079 tel
1303 999 1443 1091 tantal-

129 1186 134 1221 ι
167 1122 222 1207 10
242 1126 379 1209 minor
400 1124 461 1231 ⁸ob
479 1121 716 1229 negleeiam
735 1121 974 1209 iradiionem
1008 1145 1184 1234 numero
1214 1178 1219 1192 ·
1226 1147 1292 1225 94
1336 1127 1445 1211 adii·

166 1254 382 1341 ciendam
398 1248 452 1355 ‚Si
481 1250 599 1335 lucro
631 1275 698 1353 94
729 1250 979 1361 punitorum
1007 1250 1442 1366 substituaturmious,

163 1384 310 1481 ueluti
329 1402 496 1471 ‚nouem
535 1397 607 1465 aut
655 1382 796 1494 detem
846 1378 1131 1491 ponderum,
1178 1382 1441 1490 requirentur
1542 1402 1548 1413 ·

172 1532 269 1613 aon
303 1507 430 1593 ladius
462 1510 510 1594 ti
544 1506 785 1619 paragraphi
816 1507 967 1591 decimi
1001 1509 1146 1613 tertii,
1181 1506 1271 1624 Nec
1319 1513 1443 1608 rideo

171 1636 422 1723 methodum
458 1635 589 1743 magia
620 1636 847 1740 lineatam,
877 1636 1267 1747 quabuiuacemodi
1314 1660 1461 1757 quae-3.

170 1766 323 1853 stiones
353 1766 603 1855 lolutionem
638 1766 853 1853 admittere
893 1762 1051 1881 poliant

312 1960 345 2063 §.
386 1978 456 2061 17.
493 1956 671 2043 Paruula
705 1952 846 2044 tabella
878 1957 1122 2071 paragraphi
1139 1957 1434 2071 decimiquar-

172 2080 211 2165 ri
244 2079 355 2169 haud
381 2089 544 2172 obscure
569 2087 685 2183 ,nobis
716 2088 895 2197 indicat,
929 2112 1007 2197 qua
1040 2086 1130 2195 lege
1172 2088 1438 2199 probabilita-
1508 2127 1513 2192 ἰ
1631 2128 1644 2213 7

165 2228 237 2295 nee
268 2238 292 2295 a
324 2216 458 2304 medio
489 2215 627 2301 versus
658 2230 842 2301 extrema
892 2216 1156 2327 decrescantt·
1195 2219 1436 2331 praesertim

172 2333 322 2425 exinde
353 2365 548 2455 apparet,
577 2368 746 2427 omnem
780 2344 1185 2457 probabilitatem-in
1230 2344 1436 2433 mediocri

175 2468 359 2555 distantia
416 2498 439 2556 a
489 2470 625 2556 medio
682 2490 844 2556 tantum
874 2500 986 2558 ‘non
1028 2490 1180 2557 totam
1228 2478 1437 2560 euanesce-

173 2618 223 2679 re
268 2602 419 2683 etenim
441 2594 533 2708 ‚.fi
588 2625 696 2713 p:
715 2616 809 2704 40,
855 2600 908 2683 fit
958 2596 1214 2713 probabilitas
1245 2602 1437 2687 relatiua

172 2746 290 2831 zo,
310 2727 817 2836 000000077744‘
859 2743 910 2817 et
955 2721 1215 2837 probabilitas
1263 2728 1432 2815 absoluta

161 2876 284 2960 Ι;ο
301 2863 714 2973 oooooooo4478,
744 2876 883 2961 qnae
879 2852 907 2935 fi
942 2852 1008 2941 uel
1043 2846 1237 2939 omnibus
1252 2858 1434 2971 proba·

170 2977 392 3069 bilitatibus
422 3009 498 3094 pro
527 2979 716 3067 terminis
744 2974 1041 3091 insequentibus
1075 2982 1245 3069 addatur
1289 2990 1435 3147 absque

43 3200 49 3215 ,
172 3114 291 3233 omni
329 3110 519 3225 scrupulo
540 3109 705 3217 negligi
748 3111 889 3223 potest.
1016 3214 1018 3221 ,

309 3302 449 3391 Velim
494 3333 616 3417 porro
665 3322 832 3392 notetur
876 3304 1090 3394 harmonia
1111 3350 1144 3413 ‚·
1174 3327 1285 3418 quae·
1323 3308 1431 3395 inter

172 3424 335 3513 tabellas
364 3434 429 3532 Μ.
487 3458 538 3515 ιι
598 3453 641 3518 et
689 3461 746 3531 ιι
798 3438 1053 3536 intercedit,
1106 3436 1431 3544 quandoquidem
1467 3478 1474 3545 j

174 3554 473 3665 probabilitatea
501 3560 544 3638 in
578 3555 708 3667 priori
742 3554 876 3638 tabula
908 3580 986 3666 pro
1025 3563 1205 3640 numeris
1253 3589 1326 3667 10,
1353 3588 1430 3671 20,

171 3703 250 3787 go,
269 3710 329 3783 40
359 3704 402 3766 et
438 3706 497 3783 50
530 3686 723 3792 proxime
754 3684 897 3767 iisdem
932 3686 1250 3772 coefficienribus
1283 3714 1430 3773 nume·

151 3804 268 3893 'ricis
313 3814 623 3937 exprimuntur,
654 3810 725 3921 qui
760 3812 806 3891 in
834 3810 975 3895 altera
991 3812 1135 3898 tabella
1170 3841 1248 3949 pro
1277 3842 1426 3903 nume·

167 3938 226 4021 ris
257 3942 409 4027 decies
425 3943 651 4027 minoribus
684 3938 842 4043 idest,
875 3944 1165 4052 pronumeris
1202 3972 1222 4026 1
1232 3967 1306 4055 ,2‚
1326 3972 1371 4053 3,
1396 3974 1434 4053 4

169 4088 214 4155 et
249 4084 307 4177 5,
354 4072 466 4179 quod
516 4072 684 4178 quidem
730 4065 838 4152 baud
886 4068 1113 4157 difficulter
1162 4094 1214 4155 ex
1237 4074 1424 4179 theoria

169 4196 300 4317 uollra
337 4198 540 4305 prouideri
573 4214 744 4316 poterat.
793 4196 902 4319 Quia
935 4222 1034 4287 vern
1068 4205 1229 4286 numeri
1262 4203 1425 4294 colum·

169 4346 247 4409 nae
294 4326 476 4411 secundae
526 4330 567 4409 in
617 4322 750 4411 tabula
797 4310 1038 4440 paragraphi
1090 4328 1293 4419 undecimi
1340 4359 1422 4439 ιιοιι
1489 4321 1492 4326 ’

203 4442 357 4569 Tum.
366 4454 486 4547 XIV.
494 4453 608 4545 Nou.
617 4454 789 4545 Comm
898 4566 903 4575 „
978 4458 1012 4544 F
1282 4435 1425 4547 admo
