4200 5617
363 452 733 551 GLIRIVM
797 450 1078 547 GENVS.
1273 476 1370 563 432

130 684 221 799 qood
250 686 294 773 in
325 687 438 799 pelui
473 688 673 799 utrinqne
700 683 851 795 angulo
898 678 1122 774 arutillinno
1170 680 1375 771 termina·

130 833 190 901 tur
215 818 254 901 in
288 817 484 905 aenedas
515 821 798 930 spermatico,
847 836 1022 922 paruas,
1073 816 1150 900 aix
1198 812 1372 897 duarum

129 938 313 1029 linearum
366 950 618 1050 latitudine,
667 942 990 1049 multigyrosar‚
1037 941 1145 1027 inter
1194 942 1371 1028 aeficam

126 1074 334 1158 urinariam
369 1093 410 1160 et
442 1076 637 1176 retium,
669 1074 716 1158 ad
749 1070 901 1158 vesicae
933 1073 1135 1157 urinariae
1167 1074 1373 1157 ceruicem

126 1199 239 1307 litas,
288 1202 444 1288 inianter
491 1202 534 1285 iu
583 1202 804 1287 uretlrrom
857 1196 1060 1310 apertura
1102 1203 1375 1310 prominula‚
1497 1190 1501 1200 ’

122 1330 462 1439 subcartilaginea,
493 1331 685 1442 proxime
715 1347 808 1415 ante
826 1317 993 1414 'reficae
1027 1328 1227 1413 urinariae
1259 1353 1374 1442 aper-

122 1475 262 1546 turam.
347 1450 514 1541 Vretbra
548 1457 805 1564 musculosa,
844 1460 918 1542 uix
950 1464 993 1538 6.
1028 1457 1152 1540 lineas
1185 1454 1373 1566 longitu-

119 1586 234 1689 dine,
271 1608 345 1670 nec
376 1609 503 1670 unam
534 1587 738 1671 diametro
767 1588 995 1690 excedens,
1025 1584 1295 1669 continuatur
1327 1589 1372 1673 in

117 1737 255 1825 corpus
300 1713 564 1799 cauernosum
605 1712 831 1818 urethrae,
880 1708 1135 1819 longitudine
1167 1718 1212 1791 6.
1245 1709 1372 1797 linea-

115 1866 235 1950 rum,
285 1841 558 1928 terminatum
609 1842 752 1949 glande
803 1841 919 1950 penis
955 1864 998 1939 3.
1053 1837 1181 1925 lineas
1213 1841 1372 1948 longa,

116 1968 328 2056 officulam
361 1969 513 2052 lineare
559 1971 822 2074 continente,
867 1973 976 2079 quod
1023 1965 1101 2052 basr
1148 1956 1371 2053 dilatationi

111 2104 185 2209 per
227 2094 503 2205 ligamentum
550 2099 654 2183 sorte
687 2095 762 2205 ipsu
793 2117 1020 2207 corporum
1056 2094 1370 2181 cauernosorum
1463 2160 1471 2169 a

109 2225 224 2333 penio
257 2223 514 2309 extremitati
554 2228 601 2311 ad
651 2226 926 2335 ligamentum
946 2288 960 2331 ‚
984 2231 991 2280 ³
1007 2226 1184 2308 exterius
1233 2242 1371 2310 autem

108 2351 262 2437 duabus
290 2350 515 2438 lateraliter
546 2350 844 2440 adhaerentibus
878 2353 1042 2463 papillis
1094 2351 1370 2461 acuminatis,

104 2479 300 2567 erethrae
330 2499 565 2590 aperturam
598 2481 900 2588 obtegentibus,
929 2501 1141 2565 ornatum.
1202 2478 1371 2593 Corpora
1503 2517 1506 2523 ·

101 2607 309 2722 couernosa
331 2608 440 2718 penis
470 2607 573 2716 duo,
604 2609 889 2719 diffepimento
920 2611 1118 2719 separata,
1150 2603 1228 2690 bau
1260 2610 1371 2715 sym·

98 2731 227 2847 phyii
260 2734 374 2850 pubis
422 2732 690 2820 adhaerentia.
783 2733 1019 2839 Longirudo
1068 2734 1195 2841 igitur
1243 2737 1372 2823 totius

101 2864 225 2975 penis
256 2887 279 2947 a
312 2859 466 2945 reficae
498 2863 701 2948 urinariae
728 2862 893 2944 ceruice
932 2863 980 2948 ad
1026 2861 1184 2967 glandis
1230 2885 1371 2950 extre·

96 3013 227 3074 mum
267 3016 305 3074 1.
338 2987 441 3098 poil.
479 3011 521 3091 a.
550 2986 626 3075 lio.
659 2990 825 3102 proprie
856 3012 959 3075 uero
985 2990 1102 3098 penis
1146 3012 1170 3071 a
1216 3015 1371 3103 corpo·

90 3140 202 3203 rum
234 3118 548 3225 cauernosprum
578 3115 660 3207 basr
689 3121 741 3203 ad
770 3115 931 3225 glandis
961 3115 1266 3203 extremitatem
1299 3142 1372 3204 re·

72 3268 188 3354 ‚que
223 3276 267 3356 9.
303 3243 433 3331 lineas
462 3244 644 3355 longus,
690 3246 893 3333 diametro
924 3246 1000 3330 rix
1032 3244 1141 3330 linea
1192 3246 1369 3335 craffior.

257 3495 453 3585 Getrirodo
471 3495 673 3611 seminem
717 3492 822 3583 labia
851 3495 1024 3603 uaginae
1071 3496 1368 3610 strietiul'cula,

87 3620 141 3709 in
179 3624 433 3737 popillulam
463 3626 744 3740 prominentia
790 3650 815 3709 a
848 3621 1064 3730 dioride,
1095 3638 1220 3733 quarn
1253 3632 1369 3716 obte-

81 3769 240 3860 gunt;
269 3750 458 3845 rrethrre
487 3772 678 3864 apertura
708 3751 752 3836 in
784 3773 943 3861 pronao
973 3753 1227 3865 prominula‚
1245 3780 1369 3867 nym-

79 3876 200 3991 phia
232 3877 469 3989 obtullata3
498 3884 648 3991 uagina
677 3880 788 3966 uteri
817 3880 1155 3992 membranacea,
1186 3886 1265 3971 nix
1298 3904 1370 3971 ru·

78 4004 236 4125 goso,
265 4004 418 4119 pollice
446 4009 609 4097 breuior
623 4027 656 4117 3³
677 4032 724 4093 os
750 4009 862 4098 uteri
896 4007 1175 4122 pupillosumr
1216 4012 1369 4100 'ceruix

79 4132 222 4223 uteri
236 4168 240 4178 ·
254 4133 471 4246 angustus,
518 4139 595 4227 aix
624 4134 779 4245 stylum
810 4136 1095 4231 tenuiffimum
1123 4140 1371 4253 recipiens,

78 4284 213 4355 mox
265 4261 537 4373 bifurcandua
567 4264 612 4351 io
659 4291 789 4360 cornu
832 4270 1031 4366 dextrum
1078 4268 1365 4379 finistrumque

162 4391 214 4485 Τ
212 4390 428 4494 οπΧΝ.
438 4392 553 4488 Nou.
562 4389 734 4487 Comm.
924 4396 1010 4524 lii
1213 4396 1371 4518 ‘dudio
