4200 5617
236 515 240 522 “
355 545 864 672 Qvanavmnvrt
861 543 946 634 ar-
970 541 1190 638 nvtvm.
1311 573 1403 672 55³

146 805 261 874 retro
295 777 542 897 proficiens,
564 795 800 890 totamque
816 805 838 864 e
871 802 1030 866 camera
1062 799 1187 890 quam
1220 794 1334 898 parat
1369 796 1414 868 et

74 917 271 1038 ''tanasi
307 935 428 1027 quem
464 933 541 1021 pro
572 915 688 994 exitu
722 907 869 1018 habet,
911 911 1067 1020 partim
1101 933 1172 1018 per
1200 908 1412 1020 obliquum
1455 1023 1458 1028 Ι

146 1046 330 1156 priorem
385 1037 563 1122 canalem
611 1038 806 1144 euertit,
867 1040 1020 1152 partim
1070 1033 1170 1120 huic
1227 1039 1442 1147 ingerit,

146 1195 322 1288 eumque
353 1171 514 1254 obturat
552 1163 803 1258 firmissime.
888 1167 1261 1292 Appropinquante
1312 1163 1415 1274 hye-

145 1319 249 1406 me,
299 1321 453 1384 nouum
502 1289 573 1374 sibi
626 1291 770 1404 incipit
824 1319 967 1404 parare
1013 1293 1195 1389 canalem
1227 1291 1416 1401 animal,

150 1431 355 1538 quemad
389 1415 609 1529 caespitem
640 1444 765 1531 usque
800 1425 1018 1532 perducit,
1067 1445 1322 1532 omnemque
1359 1445 1414 1510 ex

147 1558 225 1640 illo
256 1573 404 1639 terram
437 1545 590 1632 usrtato
619 1551 735 1660 prius
766 1551 895 1636 canali
930 1554 1136 1660 intrudit,
1170 1573 1256 1662 quo
1285 1547 1415 1636 simul

146 1681 220 1768 ille
249 1684 298 1765 ad
331 1679 533 1784 hyemem
565 1675 799 1785 clauditur,
832 1705 1045 1794 uunquam
1080 1698 1214 1767 tamen
1249 1679 1306 1760 ita
1325 1677 1414 1789 ple·

147 1813 287 1915 niter,
321 1827 369 1893 ut
403 1829 483 1888 non
514 1804 693 1914 sequenti
723 1831 819 1892 uere
839 1835 1015 1913 ,coecum
1044 1807 1163 1912 eius,
1214 1821 1263 1890 rt
1292 1806 1414 1913 dixi,

147 1939 364 2042 vestigium
396 1951 600 2044 appareat.
683 1935 821 2050 Quem
855 1963 958 2026 reto
988 1935 1281 2044 adcaespitem
1314 1955 1415 2042 per.

145 2067 268 2151 duxit
301 2084 461 2146 nouum
492 2062 690 2171 exitum,
738 2065 879 2174 primo
910 2089 1039 2174 vere,
1096 2061 1414 2174 quamprimum

144 2193 353 2278 defluxere
404 2192 549 2292 uiues,
600 2209 642 2274 et
691 2195 850 2278 extima
903 2215 1034 2286 terrae
1076 2192 1204 2280 crusta
1236 2187 1411 2273 resoluta

143 2321 230 2427 est,
262 2345 315 2405 ex
347 2315 531 2426 hyberno
566 2335 732 2432 torpore
762 2325 960 2418 excitatus
1000 2319 1249 2496 pertundit,
1291 2317 1459 2429 iuque'

146 2449 281 2536 lucem
314 2448 401 2532 exit
438 2437 616 2536 cirillus
733 2467 763 2528 .·

296 2573 450 2660 Exitus
481 2599 581 2683 ergo
612 2575 720 2660 antri
777 2581 1001 2666 constanter
1050 2575 1107 2665 est
1151 2574 1328 2681 unicus,
1372 2590 1416 2662 et

145 2705 311 2818 quoties
341 2727 499 2792 nouum
533 2703 632 2790 fodit
664 2702 815 2792 animal
842 2707 1271 2820 ‘obturatantiquum,
1300 2718 1415 2788 tran·
1524 2753 1528 2760 -

145 2836 295 2920 seuntis
327 2835 433 2918 forte
462 2833 564 2918 adria
598 2835 847 2944 impatiens,
880 2860 1003 2946 quern
1036 2853 1179 2922 contra
1209 2833 1416 2938 Cricetur,

145 2964 298 3073 duplici
332 2979 540 3073 apertura·
577 2957 794 3050 conciliate
845 2963 916 3078 sibi
966 2965 1105 3050 studet.
1202 2959 1265 3047 Ea
1313 2981 1416 3044 tero

144 3091 349 3177 strudiura
376 3109 473 3174 tunc
516 3085 565 3172 fit
600 3087 816 3200 perniciosa
851 3091 1011 3199 cirino,
1045 3087 1205 3204 quando
1235 3113 1259 3172 a
1291 3108 1415 3198 rapa·

151 3217 265 3303 cibus
298 3215 487 3301 Muneris
517 3221 561 3301 in
593 3236 714 3303 antro
746 3239 1045 3331 oppugnatur,
1078 3220 1147 3308 uel
1197 3241 1296 3324 aqua
1346 3217 1450 3311 in·⁴

81 3447 85 3456 Ι
145 3347 346 3451 fimditut3
379 3343 493 3443 cuius
526 3360 664 3427 tamen
700 3351 808 3456 saepe
839 3337 1016 3456 quinpue
1050 3347 1117 3431 tel
1152 3347 1291 3459 pluret
1323 3362 1413 3421 am·

113 3469 332 3584 plintae,
389 3471 625 3582 praesertim
659 3497 733 3582 pro
766 3478 910 3558 antris,
934 3474 1222 3571 seminarum,
1271 3467 1413 3578 requi·

144 3619 330 3706 runtur,
362 3602 411 3683 ad
443 3599 743 3686 exturbandum
774 3597 944 3705 animal,
978 3599 1084 3710 quod
1114 3586 1257 3685 sensim
1289 3591 1411 3678 altius
1453 3669 1458 3676 .
1498 3679 1501 3682 ,

145 3749 191 3813 et
221 3729 351 3814 altius
368 3729 598 3838 adscendit,
631 3733 755 3814 donec
789 3725 946 3842 repleto
977 3724 1170 3812 cuniculo
1202 3721 1410 3809 madidum

145 3863 267 3941 eiteat
298 3833 493 3960 tandem,
545 3855 765 3964 frigiditate
796 3873 933 3968 aquae
949 3853 1006 3939 i'ta
1057 3851 1316 3965 perculsum,
1362 3865 1412 3958 ιι

148 3987 200 4068 ad
231 3987 474 4108 fugiendum
505 3986 613 4070 uites
651 3987 734 4070 sere
785 3985 921 4069 desmt.
1007 3981 1122 4068 Alias
1169 3983 1286 4067 cursu
1316 3962 1411 4085 qud

145 4109 279 4222 pollet
311 4115 418 4198 satis
437 4101 670 4226 expeditu,
712 4113 986 4206 subsultante
1018 4112 1174 4222 saepius
1204 4101 1409 4207 eflugeret

242 4239 350 4325 Ι.ιι
383 4240 491 4329 hisce
524 4245 602 4325 suis
636 4241 847 4347 cuniculis,
887 4238 1059 4323 solitarii
1092 4239 1240 4317 uiuunt
1285 4227 1409 4316 Citil·
1518 4339 1525 4346 ι

147 4367 215 4478 li,
248 4391 321 4453 nec
356 4369 429 4452 nisr
443 4391 647 4481 tempore
679 4371 863 4493 teucria,
888 4370 1019 4450 maris
1050 4358 1267 4458 feminae
1254 4383 1299 4442 ιιι
1334 4379 1409 4438 cu·

212 4497 340 4586 Tom
349 4495 479 4585 XIV.
488 4497 601 4584 Nou.
609 4499 779 4588 Comm
911 4490 1081 4636 Aaaa
1268 4479 1408 4569 riculo
1546 4509 1550 4515 ¹
