4200 5617
582 431 1185 538 PRAEFATIO.

402 654 550 765 Hisce
584 660 978 791 expeditionibus
999 658 1232 793 praesedi
1247 658 1387 766 fuere
1407 654 1511 769 duo

254 788 563 907 Academici,
612 792 929 892 Kuruoarrlroi
960 813 1010 889 et
1042 792 1280 915 Lanita,
1330 794 1512 896 Adiun-

255 920 359 1021 dius
391 912 605 1045 Kruffl,
658 917 945 1065 Mirppond
967 914 1297 1047 'Geneuenses
1328 922 1512 1025 Mallet

203 1058 207 1069 “
251 1070 402 1177 atque
434 1046 625 1167 pauet,
681 1036 904 1146 centurio
936 1044 1168 1145 Irlent'ew'
1210 1068 1262 1144 et
1314 1040 1515 1150 subcen-

252 1174 388 1275 torio
435 1172 612 1275 Euler..
703 1170 868 1312 Quam
927 1172 1133 1305 quisque
1194 1165 1510 1276 obseruandis

251 1299 539 1402 coelestibus
594 1292 948 1427 phaenomenis
1001 1296 1203 1401 sortitus
1248 1292 1395 1403 fuerit
1425 1303 1518 1407 sta·

252 1430 474 1554 tionem,
508 1425 749 1532 indicatur
780 1429 833 1529 in
865 1422 971 1562 ipso
1008 1427 1397 1536 Commentario,

64 1707 71 1719 '
138 1764 146 1773 -
248 1715 252 1735 ²
401 1687 503 1795 Sub
561 1684 694 1792 idem
747 1676 852 1792 fere
912 1706 1108 1819 tempus
1167 1689 1348 1821 placuit
1397 1615 1512 1797 Avss

249 1818 525 1926 GVSTAE
577 1821 689 1921 alias
737 1814 934 1949 insuper
984 1818 1213 1921 adornari
1245 1819 1512 1967 expeditio-

252 1978 341 2051 nes
368 1946 654 2081 ·Ht'sturr'ut
703 1946 987 2073 natantiis,
1018 1942 1273 2075 'superiori
1310 1948 1512 2082 quidem

252 2102 481 2206 tempore
508 2071 714 2205 feliciter
745 2077 962 2177 incoatas
1001 2104 1032 2175 a
1069 2069 1478 2211 Melltnschmidio

81 2263 93 2279 ·
252 2205 500 2327 amerino,
531 2204 734 2304 Stellero
768 2226 820 2304 et
859 2195 1389 2329 Kraschenitmikooi0‚
1427 2150 1512 2315 sed

249 2333 420 2462 postea
450 2329 704 2461 neglectas.
771 2330 963 2557 Qpbus
998 2329 1398 2559 exKeditionibus
1425 2332 1511 2467 qui

251 2456 633 2689 praeficerentur
665 2458 804 2559 dedii
851 2481 946 2556 unt
967 2488 1029 2557 ex
1096 2457 1350 2561 cademicrs
1375 2463 1513 2564 Grue-

271 2587 322 2687 in
355 2606 405 2685 et
437 2584 614 2687 Pallas
626 2626 643 2705 ‚·
670 2602 740 2681 'ex
775 2582 1028 2683 Adiunstis
1060 2584 1138 2681 Le
1168 2586 1304 2683 ethin
1325 2612 1377 2687 ct
1395 2585 1513 2686 Gril-

251 2710 521 2845 denstaedt,
559 2732 626 2808 et
675 2703 941 2807 secundum
982 2698 1078 2808 hos
1159 2704 1341 2812 iredor
1371 2707 1510 2815 horti

250 2834 625 2972 pharmaceutici
675 2833 859 2961 Falci,
906 2854 1018 2937 non
1048 2832 1129 2935 iiie
1161 2836 1361 2967 quidem
1389 2841 1509 2942 Aca·

253 2968 440 3071 demiae
486 2963 812 3089 ordinatim,
864 2956 948 3061 sed
996 2957 1141 3064 huius
1187 2966 1517 3093 expeditioris

251 3090 387 3200 causa
421 3093 483 3198 ab
517 3089 777 3199 Academia
809 3086 873 3197 ad
905 3114 1099 3221 tempus
1130 3092 1434 3217 contitutus.

402 3349 641 3493 Quamuis
700 3348 764 3453 ad
804 3346 1124 3489 'sustinendas
1181 3344 1508 3500 expeditionis
1549 3417 1554 3425 -

252 3482 614 3585 astronomicae
658 3474 894 3601 impensas
944 3481 1040 3575 iam
1087 3478 1317 3579 vndecnn
1362 3482 1509 3591 millia

249 3606 554 3712 rubeflorum
606 3600 870 3748 gratificata
924 3596 1087 3704 firerat
1143 3604 1506 3754 AYGVSTA‚

251 3759 558 3969 aratra
571 3722 983 4004 (arianida
996 3731 1509 4008 &aeriarum

233 4014 384 4093 'mam
432 3986 604 4091 decem
650 3982 796 4085 mdlra
842 3983 1167 4132 rubellorum·
1192 3990 1334 4091 adnci
1381 3992 1508 4097 iuffit
1593 4006 1599 4022 “

263 4111 618 4253 Clementifflma
651 4112 996 4245 Imperatrix,
1035 4112 1361 4247 ommbusque
1395 4152 1509 4226 cuni

256 4239 506 4381 praefaciis
556 4266 666 4355 turn
715 4238 1000 4352 administris
1032 4232 1208 4352 harum
1238 4246 1509 4378 expeditio·
1691 4274 1696 4283 ·

488 4452 495 4465 .
1386 4402 1512 4481 Ilum
