4200 5617
708 601 797 677 820
1023 568 1124 658 DE
1186 565 1656 660 PRINCIPIIS

709 814 983 902 annotatum,
1016 793 1106 892 fieri
1141 798 1263 911 polle,
1295 815 1344 885 nt
1377 799 1422 884 in
1455 798 1597 884 eodem
1636 795 1788 904 punmo
1820 785 1861 880 Z
1891 799 1962 883 sut-

710 927 815 1012 ‘cellu
879 928 1081 1038 temporis
1140 927 1284 1040 prellro
1350 927 1718 1034 quomodocunque
1779 927 1961 1011 varietur.

711 1051 835 1168 Quod
868 1056 993 1140 etiam
1023 1077 1121 1137 cum
1140 1078 1278 1139 natura
1302 1055 1541 1166 quaestionis
1563 1049 1739 1136 mirifice
1758 1053 1961 1140 consentit:

710 1183 793 1267 vast
827 1184 940 1265 enim
977 1184 1151 1268 fluidum
1187 1182 1389 1274 inclulntn
1409 1177 1482 1265 else
1514 1181 1793 1292 concipiatur,
1832 1181 1874 1262 in
1893 1207 1960 1292 qun

711 1337 791 1422 ope
835 1311 988 1396 emboli
1038 1313 1083 1393 vi
1129 1333 1367 1422 quacunque
1417 1327 1641 1416 urgeatur,
1691 1305 1828 1420 sicque
1877 1312 1961 1394 dunt

715 1437 874 1522 nullam
911 1438 1246 1550 comprellronern
1281 1438 1468 1548 patitur,
1498 1435 1580 1520 fine
1630 1438 1755 1524 dubio
1802 1436 1886 1528 erit
1929 1443 1962 1522 in

717 1567 972 1674 aequilibrio·
1039 1569 1195 1652 Verum
1220 1563 1293 1648 ‘hic
1330 1565 1449 1648 slatus
1481 1565 1710 1672 aequilibrli
1752 1590 1835 1650 non
1887 1586 1964 1651 tur·

715 1693 904 1797 habitur,
937 1693 1094 1778 etiamsi
1128 1695 1190 1775 vis
1222 1691 1433 1778 embolum
1467 1695 1629 1799 adigens
1661 1695 1860 1778 continuo
1890 1697 1963 1778 im·

717 1839 903 1905 mutetur
939 1821 1021 1908 fiue
1074 1822 1161 1928 lege
1214 1843 1447 1937 quacunque
1481 1817 1565 1906 siue
1597 1825 1718 1906 etium
1762 1821 1846 1904 fine
1890 1823 1967 1908 vlla

715 1946 820 2054 lege,
854 1970 896 2031 nt
924 1947 1020 2034 hinc
1056 1946 1199 2059 prellto
1233 1952 1275 2032 in
1309 1949 1437 2059 fluido
1466 1948 1661 2034 continuo
1689 1973 1847 2064 quoque
1889 1953 1968 2035 im·

715 2076 956 2162 mutabitur.
1019 2076 1156 2190 Quare
1185 2103 1285 2164 cum
1318 2079 1448 2162 nostra
1486 2077 1636 2162 solutio
1680 2099 1825 2163 omnes
1863 2081 1963 2162 celus

715 2203 917 2313 polsrbiles
949 2206 1096 2316 quietis
1136 2206 1178 2290 in
1213 2209 1250 2292 se
1298 2202 1520 2314 complecti
1567 2205 1736 2313 debeat,
1786 2207 1892 2290 ratio
1921 2209 1964 2292 ell

716 2333 950 2434 manifeste,
988 2359 1075 2430 ¹cur
1127 2335 1168 2418 in
1219 2334 1515 2445 expreffionem
1565 2360 1642 2442 pro
1684 2350 1715 2446 ρ
1766 2335 1959 2418 inuentam

717 2459 875 2546 funstio
915 2485 1178 2573 quaecunque
1210 2463 1410 2576 temporit
1441 2462 1493 2546 fir
1523 2463 1704 2571 ingreffe.

1122 2680 1418 2805 Coroll
1506 2727 1576 2798 ι.»

868 2889 941 2973 55.
977 2872 1054 2958 Ille
1088 2873 1219 2981 igitur
1251 2880 1405 2964 lunello
1436 2877 1636 2992 temporis
1670 2895 1691 2962 r
1717 2879 1865 2988 quouis
1885 2875 1958 2962 casu

560 3112 564 3116 Α
717 3021 771 3086 ex
805 3005 1031 3087 variatione
1064 3005 1256 3114 virium,
1288 3009 1432 3120 quibus
1469 3005 1658 3092 embolus
1713 3007 1958 3121 impellitur,

714 3131 975 3212 determinari
1009 3131 1152 3218 debet:
1186 3157 1286 3243 quae
1318 3135 1347 3219 n
1382 3136 1506 3218 fuerit
1537 3137 1750 3220 arbitrario
1787 3135 1955 3241 nullique

716 3254 801 3357 legi
834 3257 1037 3362 adfluere,
1069 3256 1165 3341 bnec
1200 3263 1355 3346 lunello
1389 3288 1550 3373 quoque
1583 3265 1631 3347 ad
1665 3287 1782 3370 genus
1818 3285 1956 3348 earnm

715 3403 807 3488 quae
836 3382 1102 3468 disconrinuus
1136 3391 1308 3494 uocaui,
1341 3391 1394 3475 el
1429 3395 1650 3478 referenda:
1685 3395 1785 3477 vnde
1816 3387 1961 3476 netrffi-

715 3515 774 3717 «ῗε
805 3503 1042 3625 huiusmodi
1077 3515 1332 3614 unctionum
1363 3522 1407 3603 in
1442 3519 1613 3624 Analyli
1650 3523 1790 3608 multo
1831 3521 1963 3605 clarius

714 3660 739 3719 e
758 3655 860 3724 ucet.

1120 3801 1425 3931 Coroll
1509 3849 1558 3932 2.

869 4003 946 4092 56.
976 3997 1099 4106 Quod
1132 3998 1161 4081 fi
1196 4027 1298 4110 ergo
1347 4009 1567 4093 addetum
1622 4030 1789 4123 ternpus
1836 4009 1962 4121 prelio

716 4124 760 4203 in
801 4121 954 4224 puello
1005 4149 1248 4238 quocunque
1295 4137 1417 4218 ment
1465 4141 1659 4246 cognita,
1709 4165 1788 4251 pro
1837 4145 1963 4222 codem

720 4268 940 4332 momento
970 4251 1013 4332 in
1047 4256 1239 4338 omnibus
1273 4261 1361 4346 aliis
1393 4264 1553 4374 pendis
1596 4269 1744 4376 preffio
1790 4263 1966 4374 elfignntl

715 4376 902 4485 poterit,
934 4380 1084 4495 quippe
1116 4406 1218 4494 quae
1249 4410 1272 4470 r
1305 4389 1383 4481 sola
1423 4395 1646 4504 quantitate
1693 4393 1723 4486 S
1774 4378 1970 4610 p'entlclffi3
