<?xml version="1.0" encoding="UTF-8"?>
<!DOCTYPE html PUBLIC "-//W3C//DTD XHTML 1.0 Transitional//EN"
    "http://www.w3.org/TR/xhtml1/DTD/xhtml1-transitional.dtd">
<html xmlns="http://www.w3.org/1999/xhtml" xml:lang="en" lang="en">
 <head>
  <title>
</title>
<meta http-equiv="Content-Type" content="text/html;charset=utf-8" />
  <meta name='ocr-system' content='tesseract 3.04.00' />
  <meta name='ocr-capabilities' content='ocr_page ocr_carea ocr_par ocr_line ocrx_word'/>
</head>
<body>
  <div class='ocr_page' id='page_1' title='image "./novicommentarii05sssrgoog_0638.png"; bbox 0 0 4200 5617; ppageno 0'>
   <div class='ocr_carea' id='block_1_1' title="bbox 730 13 1682 143">
    <p class='ocr_par' dir='ltr' id='par_1_1' title="bbox 730 13 1682 143">
     <span class='ocr_line' id='line_1_1' title="bbox 730 13 1682 143; baseline -0.005 -23"><span class='ocrx_word' id='word_1_1' title='bbox 730 47 822 143; x_wconf 72' lang='lat'>5⁸0</span> <span class='ocrx_word' id='word_1_2' title='bbox 1008 13 1682 115; x_wconf 68' lang='lat' dir='ltr'>&#39;DESCRIPTIONES</span> 
     </span>
    </p>
   </div>
   <div class='ocr_carea' id='block_1_2' title="bbox 577 246 1991 2289">
    <p class='ocr_par' dir='ltr' id='par_1_2' title="bbox 577 246 1991 2289">
     <span class='ocr_line' id='line_1_2' title="bbox 577 246 1989 375; baseline -0.007 -30"><span class='ocrx_word' id='word_1_3' title='bbox 577 270 580 275; x_wconf 86' lang='grc'><strong>’</strong></span> <span class='ocrx_word' id='word_1_4' title='bbox 728 254 891 375; x_wconf 80' lang='lat' dir='ltr'>quoque</span> <span class='ocrx_word' id='word_1_5' title='bbox 922 274 1038 341; x_wconf 84' lang='lat' dir='ltr'>more</span> <span class='ocrx_word' id='word_1_6' title='bbox 1069 246 1264 337; x_wconf 81' lang='lat' dir='ltr'>Tndurnne</span> <span class='ocrx_word' id='word_1_7' title='bbox 1294 248 1456 337; x_wconf 82' lang='lat' dir='ltr'>subinde</span> <span class='ocrx_word' id='word_1_8' title='bbox 1484 247 1731 338; x_wconf 87' lang='lat' dir='ltr'>cuniculum</span> <span class='ocrx_word' id='word_1_9' title='bbox 1760 251 1836 340; x_wconf 88' lang='lat' dir='ltr'>sibi</span> <span class='ocrx_word' id='word_1_10' title='bbox 1859 252 1989 339; x_wconf 77' lang='lat' dir='ltr'>fode·</span> 
     </span>
     <span class='ocr_line' id='line_1_3' title="bbox 729 380 1990 475; baseline -0.01 2"><span class='ocrx_word' id='word_1_11' title='bbox 729 390 893 475; x_wconf 85' lang='lat' dir='ltr'>dicitur.</span> <span class='ocrx_word' id='word_1_12' title='bbox 958 380 1054 467; x_wconf 86' lang='lat' dir='ltr'>Visa</span> <span class='ocrx_word' id='word_1_13' title='bbox 1084 380 1209 465; x_wconf 89' lang='lat' dir='ltr'>etiam</span> <span class='ocrx_word' id='word_1_14' title='bbox 1237 381 1295 465; x_wconf 86' lang='lat' dir='ltr'>est</span> <span class='ocrx_word' id='word_1_15' title='bbox 1327 383 1370 467; x_wconf 92' lang='lat' dir='ltr'>in</span> <span class='ocrx_word' id='word_1_16' title='bbox 1403 402 1505 467; x_wconf 88' lang='lat' dir='ltr'>cauo</span> <span class='ocrx_word' id='word_1_17' title='bbox 1535 381 1693 469; x_wconf 87' lang='lat' dir='ltr'>arboris</span> <span class='ocrx_word' id='word_1_18' title='bbox 1740 400 1892 469; x_wconf 87' lang='lat' dir='ltr'>trunco</span> <span class='ocrx_word' id='word_1_19' title='bbox 1940 384 1990 465; x_wconf 90' lang='lat' dir='ltr'>ui·</span> 
     </span>
     <span class='ocr_line' id='line_1_4' title="bbox 731 507 1990 625; baseline -0.006 -22"><span class='ocrx_word' id='word_1_20' title='bbox 731 522 835 603; x_wconf 88' lang='lat' dir='ltr'>dum</span> <span class='ocrx_word' id='word_1_21' title='bbox 868 511 1044 625; x_wconf 79' lang='lat' dir='ltr'>propriis</span> <span class='ocrx_word' id='word_1_22' title='bbox 1078 508 1234 622; x_wconf 84' lang='lat' dir='ltr'><strong>plumis</strong></span> <span class='ocrx_word' id='word_1_23' title='bbox 1273 507 1459 595; x_wconf 86' lang='lat' dir='ltr'>strauisse.</span> <span class='ocrx_word' id='word_1_24' title='bbox 1494 508 1781 617; x_wconf 84' lang='lat' dir='ltr'>Monogama,</span> <span class='ocrx_word' id='word_1_25' title='bbox 1810 531 1861 593; x_wconf 76' lang='lat' dir='ltr'>at</span> <span class='ocrx_word' id='word_1_26' title='bbox 1902 534 1990 595; x_wconf 85' lang='lat' dir='ltr'>cuu-</span> 
     </span>
     <span class='ocr_line' id='line_1_5' title="bbox 732 634 1988 754; baseline -0.006 -27"><span class='ocrx_word' id='word_1_27' title='bbox 732 662 900 754; x_wconf 68' lang='lat' dir='ltr'>‘generes</span> <span class='ocrx_word' id='word_1_28' title='bbox 928 660 1104 743; x_wconf 82' lang='lat' dir='ltr'>omnes,</span> <span class='ocrx_word' id='word_1_29' title='bbox 1132 637 1243 722; x_wconf 82' lang='lat' dir='ltr'>uiuit</span> <span class='ocrx_word' id='word_1_30' title='bbox 1272 658 1315 722; x_wconf 85' lang='lat' dir='ltr'>et</span> <span class='ocrx_word' id='word_1_31' title='bbox 1344 660 1466 751; x_wconf 82' lang='lat' dir='ltr'>aquas</span> <span class='ocrx_word' id='word_1_32' title='bbox 1498 634 1672 751; x_wconf 80' lang='lat' dir='ltr'>propter</span> <span class='ocrx_word' id='word_1_33' title='bbox 1716 638 1885 723; x_wconf 74' lang='lat' dir='ltr'>vidium</span> <span class='ocrx_word' id='word_1_34' title='bbox 1943 636 1988 719; x_wconf 78' lang='lat' dir='ltr'>ti·</span> 
     </span>
     <span class='ocr_line' id='line_1_6' title="bbox 735 766 1988 878; baseline -0.006 -19"><span class='ocrx_word' id='word_1_35' title='bbox 735 772 931 859; x_wconf 83' lang='lat' dir='ltr'>ternatim</span> <span class='ocrx_word' id='word_1_36' title='bbox 962 772 1218 878; x_wconf 75' lang='lat' dir='ltr'>{nequentant</span> <span class='ocrx_word' id='word_1_37' title='bbox 1266 786 1354 851; x_wconf 88' lang='lat' dir='ltr'>mas</span> <span class='ocrx_word' id='word_1_38' title='bbox 1406 784 1457 850; x_wconf 57' lang='lat' dir='ltr'>ets</span> <span class='ocrx_word' id='word_1_39' title='bbox 1495 766 1658 851; x_wconf 84' lang='lat' dir='ltr'>semina.</span> <span class='ocrx_word' id='word_1_40' title='bbox 1740 768 1836 853; x_wconf 84' lang='lat' dir='ltr'>Oun</span> <span class='ocrx_word' id='word_1_41' title='bbox 1887 769 1988 875; x_wconf 84' lang='lat' dir='ltr'>pouit</span> 
     </span>
     <span class='ocr_line' id='line_1_7' title="bbox 642 888 1987 1005; baseline -0.007 -19"><span class='ocrx_word' id='word_1_42' title='bbox 642 934 651 953; x_wconf 92' lang='lat'><strong>·</strong></span> <span class='ocrx_word' id='word_1_43' title='bbox 732 924 893 989; x_wconf 88' lang='lat' dir='ltr'>nouena</span> <span class='ocrx_word' id='word_1_44' title='bbox 950 894 1146 1003; x_wconf 73' lang='lat' dir='ltr'>circite13</span> <span class='ocrx_word' id='word_1_45' title='bbox 1200 888 1323 999; x_wconf 86' lang='lat' dir='ltr'>alba,</span> <span class='ocrx_word' id='word_1_46' title='bbox 1371 894 1543 981; x_wconf 82' lang='lat' dir='ltr'>anatinis</span> <span class='ocrx_word' id='word_1_47' title='bbox 1593 893 1789 1002; x_wconf 80' lang='lat' dir='ltr'>maiora,</span> <span class='ocrx_word' id='word_1_48' title='bbox 1842 894 1987 1005; x_wconf 80' lang='lat' dir='ltr'>polita3</span> 
     </span>
     <span class='ocr_line' id='line_1_8' title="bbox 738 1014 1988 1142; baseline -0.006 -27.026"><span class='ocrx_word' id='word_1_49' title='bbox 738 1014 953 1139; x_wconf 71' lang='lat' dir='ltr'>Pulloaque</span> <span class='ocrx_word' id='word_1_50' title='bbox 985 1022 1167 1111; x_wconf 81' lang='lat' dir='ltr'>exclusos</span> <span class='ocrx_word' id='word_1_51' title='bbox 1198 1021 1329 1142; x_wconf 71' lang='lat' dir='ltr'>rostro</span> <span class='ocrx_word' id='word_1_52' title='bbox 1358 1042 1413 1105; x_wconf 85' lang='lat' dir='ltr'>ex</span> <span class='ocrx_word' id='word_1_53' title='bbox 1458 1018 1522 1105; x_wconf 89' lang='lat' dir='ltr'>ala</span> <span class='ocrx_word' id='word_1_54' title='bbox 1567 1022 1738 1108; x_wconf 79' lang='lat' dir='ltr'>sublatos</span> <span class='ocrx_word' id='word_1_55' title='bbox 1781 1024 1834 1107; x_wconf 91' lang='lat' dir='ltr'>ad</span> <span class='ocrx_word' id='word_1_56' title='bbox 1884 1044 1988 1128; x_wconf 83' lang='lat' dir='ltr'>aqua</span> 
     </span>
     <span class='ocr_line' id='line_1_9' title="bbox 738 1140 1990 1270; baseline -0.009 -25"><span class='ocrx_word' id='word_1_57' title='bbox 738 1180 879 1270; x_wconf 85' lang='lat' dir='ltr'>rapere</span> <span class='ocrx_word' id='word_1_58' title='bbox 908 1158 1050 1243; x_wconf 85' lang='lat' dir='ltr'>fertur.</span> <span class='ocrx_word' id='word_1_59' title='bbox 1082 1150 1156 1239; x_wconf 82' lang='lat' dir='ltr'>Ad</span> <span class='ocrx_word' id='word_1_60' title='bbox 1187 1140 1371 1256; x_wconf 75' lang='lat' dir='ltr'>&#39;Volgum</span> <span class='ocrx_word' id='word_1_61' title='bbox 1401 1176 1425 1234; x_wconf 85' lang='lat' dir='ltr'>a</span> <span class='ocrx_word' id='word_1_62' title='bbox 1454 1148 1621 1237; x_wconf 73' lang='lat' dir='ltr'>curiosis</span> <span class='ocrx_word' id='word_1_63' title='bbox 1650 1154 1841 1261; x_wconf 83' lang='lat' dir='ltr'>conquiri</span> <span class='ocrx_word' id='word_1_64' title='bbox 1873 1148 1990 1235; x_wconf 84' lang='lat' dir='ltr'>solent</span> 
     </span>
     <span class='ocr_line' id='line_1_10' title="bbox 739 1277 1990 1391; baseline -0.009 -17"><span class='ocrx_word' id='word_1_65' title='bbox 739 1310 855 1389; x_wconf 87' lang='lat' dir='ltr'>ona,</span> <span class='ocrx_word' id='word_1_66' title='bbox 886 1303 927 1367; x_wconf 89' lang='lat' dir='ltr'>et</span> <span class='ocrx_word' id='word_1_67' title='bbox 962 1280 1204 1369; x_wconf 86' lang='lat' dir='ltr'>domesticae</span> <span class='ocrx_word' id='word_1_68' title='bbox 1236 1278 1344 1361; x_wconf 84' lang='lat' dir='ltr'>anati</span> <span class='ocrx_word' id='word_1_69' title='bbox 1392 1277 1637 1364; x_wconf 84' lang='lat' dir='ltr'>excludenda</span> <span class='ocrx_word' id='word_1_70' title='bbox 1682 1279 1853 1391; x_wconf 84' lang='lat' dir='ltr'>subponi</span> <span class='ocrx_word' id='word_1_71' title='bbox 1895 1280 1990 1363; x_wconf 77' lang='lat' dir='ltr'>run</span> 
     </span>
     <span class='ocr_line' id='line_1_11' title="bbox 738 1402 1990 1517; baseline -0.008 -20"><span class='ocrx_word' id='word_1_72' title='bbox 738 1412 959 1497; x_wconf 86' lang='lat' dir='ltr'>domestica</span> <span class='ocrx_word' id='word_1_73' title='bbox 992 1409 1094 1493; x_wconf 74' lang='lat' dir='ltr'>sada</span> <span class='ocrx_word' id='word_1_74' title='bbox 1130 1402 1267 1517; x_wconf 89' lang='lat' dir='ltr'>proles</span> <span class='ocrx_word' id='word_1_75' title='bbox 1313 1406 1357 1491; x_wconf 93' lang='lat' dir='ltr'>in</span> <span class='ocrx_word' id='word_1_76' title='bbox 1387 1407 1550 1494; x_wconf 77' lang='lat' dir='ltr'>urbibus</span> <span class='ocrx_word' id='word_1_77' title='bbox 1597 1405 1739 1517; x_wconf 82' lang='lat' dir='ltr'>padim</span> <span class='ocrx_word' id='word_1_78' title='bbox 1786 1406 1990 1511; x_wconf 83' lang='lat' dir='ltr'>occurrit,</span> 
     </span>
     <span class='ocr_line' id='line_1_12' title="bbox 740 1527 1990 1651; baseline -0.007 -26"><span class='ocrx_word' id='word_1_79' title='bbox 740 1560 955 1651; x_wconf 89' lang='lat' dir='ltr'>nunquam</span> <span class='ocrx_word' id='word_1_80' title='bbox 989 1555 1127 1621; x_wconf 86' lang='lat' dir='ltr'>tamen</span> <span class='ocrx_word' id='word_1_81' title='bbox 1178 1527 1290 1619; x_wconf 88' lang='lat' dir='ltr'>mole</span> <span class='ocrx_word' id='word_1_82' title='bbox 1321 1552 1378 1618; x_wconf 90' lang='lat' dir='ltr'>et·</span> <span class='ocrx_word' id='word_1_83' title='bbox 1410 1533 1718 1641; x_wconf 79' lang='lat' dir='ltr'>pulchritudine</span> <span class='ocrx_word' id='word_1_84' title='bbox 1766 1533 1990 1645; x_wconf 79' lang='lat' dir='ltr'>spontaneae</span> 
     </span>
     <span class='ocr_line' id='line_1_13' title="bbox 741 1662 1990 1779; baseline -0.004 -29"><span class='ocrx_word' id='word_1_85' title='bbox 741 1690 849 1779; x_wconf 86' lang='lat' dir='ltr'>par,</span> <span class='ocrx_word' id='word_1_86' title='bbox 880 1689 1091 1775; x_wconf 85' lang='lat' dir='ltr'>nunquam</span> <span class='ocrx_word' id='word_1_87' title='bbox 1140 1664 1343 1750; x_wconf 85' lang='lat' dir='ltr'>feritatem</span> <span class='ocrx_word' id='word_1_88' title='bbox 1382 1662 1624 1775; x_wconf 84' lang='lat' dir='ltr'>deponens,</span> <span class='ocrx_word' id='word_1_89' title='bbox 1671 1678 1716 1747; x_wconf 90' lang='lat' dir='ltr'>et</span> <span class='ocrx_word' id='word_1_90' title='bbox 1759 1662 1990 1773; x_wconf 75' lang='lat' dir='ltr'>pierumque</span> 
     </span>
     <span class='ocr_line' id='line_1_14' title="bbox 649 1786 1991 1907; baseline -0.002 -31"><span class='ocrx_word' id='word_1_91' title='bbox 649 1860 651 1865; x_wconf 87' lang='lat'><em>.</em></span> <span class='ocrx_word' id='word_1_92' title='bbox 742 1793 903 1907; x_wconf 82' lang='lat' dir='ltr'>quando</span> <span class='ocrx_word' id='word_1_93' title='bbox 934 1792 1072 1878; x_wconf 85' lang='lat' dir='ltr'>adulta</span> <span class='ocrx_word' id='word_1_94' title='bbox 1102 1793 1189 1898; x_wconf 85' lang='lat' dir='ltr'>est,</span> <span class='ocrx_word' id='word_1_95' title='bbox 1221 1788 1294 1873; x_wconf 80' lang='lat' dir='ltr'>nisi</span> <span class='ocrx_word' id='word_1_96' title='bbox 1325 1786 1541 1896; x_wconf 85' lang='lat' dir='ltr'>diligenter</span> <span class='ocrx_word' id='word_1_97' title='bbox 1572 1789 1655 1873; x_wconf 84' lang='lat' dir='ltr'>alas</span> <span class='ocrx_word' id='word_1_98' title='bbox 1686 1791 1851 1897; x_wconf 80' lang='lat' dir='ltr'>reseces,</span> <span class='ocrx_word' id='word_1_99' title='bbox 1878 1792 1991 1875; x_wconf 89' lang='lat' dir='ltr'>liber·</span> 
     </span>
     <span class='ocr_line' id='line_1_15' title="bbox 745 1916 1990 2031; baseline -0.006 -20"><span class='ocrx_word' id='word_1_100' title='bbox 745 1924 821 2011; x_wconf 85' lang='lat' dir='ltr'>tati</span> <span class='ocrx_word' id='word_1_101' title='bbox 850 1922 925 2007; x_wconf 86' lang='lat' dir='ltr'>sese</span> <span class='ocrx_word' id='word_1_102' title='bbox 955 1925 1134 2009; x_wconf 85' lang='lat' dir='ltr'>reddens.</span> <span class='ocrx_word' id='word_1_103' title='bbox 1201 1916 1349 2027; x_wconf 88' lang='lat' dir='ltr'>Neque</span> <span class='ocrx_word' id='word_1_104' title='bbox 1378 1916 1410 2002; x_wconf 87' lang='lat' dir='ltr'><strong>fi</strong></span> <span class='ocrx_word' id='word_1_105' title='bbox 1443 1923 1600 2031; x_wconf 88' lang='lat' dir='ltr'>captim</span> <span class='ocrx_word' id='word_1_106' title='bbox 1627 1919 1855 2005; x_wconf 86' lang='lat' dir='ltr'>retineatur</span> <span class='ocrx_word' id='word_1_107' title='bbox 1882 1922 1990 2030; x_wconf 84' lang='lat' dir='ltr'>speci·</span> 
     </span>
     <span class='ocr_line' id='line_1_16' title="bbox 743 2040 1989 2163; baseline 0.001 -31"><span class='ocrx_word' id='word_1_108' title='bbox 743 2073 815 2132; x_wconf 88' lang='lat' dir='ltr'>em</span> <span class='ocrx_word' id='word_1_109' title='bbox 850 2046 1119 2163; x_wconf 86' lang='lat' dir='ltr'>multiplcat,</span> <span class='ocrx_word' id='word_1_110' title='bbox 1151 2047 1214 2131; x_wconf 90' lang='lat' dir='ltr'>sed</span> <span class='ocrx_word' id='word_1_111' title='bbox 1246 2069 1327 2130; x_wconf 80' lang='lat' dir='ltr'>oua</span> <span class='ocrx_word' id='word_1_112' title='bbox 1357 2047 1401 2132; x_wconf 92' lang='lat' dir='ltr'>in</span> <span class='ocrx_word' id='word_1_113' title='bbox 1431 2044 1694 2135; x_wconf 80' lang='lat' dir='ltr'>abditiffimos</span> <span class='ocrx_word' id='word_1_114' title='bbox 1723 2040 1886 2159; x_wconf 79' lang='lat' dir='ltr'>quotuis</span> <span class='ocrx_word' id='word_1_115' title='bbox 1932 2074 1989 2133; x_wconf 69' lang='lat' dir='ltr'>au»</span> 
     </span>
     <span class='ocr_line' id='line_1_17' title="bbox 744 2174 1304 2289; baseline -0.005 -27"><span class='ocrx_word' id='word_1_116' title='bbox 744 2174 864 2289; x_wconf 71' lang='lat' dir='ltr'>gulos</span> <span class='ocrx_word' id='word_1_117' title='bbox 897 2177 1033 2267; x_wconf 85' lang='lat' dir='ltr'>abiicit</span> <span class='ocrx_word' id='word_1_118' title='bbox 1063 2199 1105 2263; x_wconf 89' lang='lat' dir='ltr'>et</span> <span class='ocrx_word' id='word_1_119' title='bbox 1141 2177 1304 2288; x_wconf 81' lang='lat' dir='ltr'>spargit.</span> 
     </span>
    </p>
   </div>
   <div class='ocr_carea' id='block_1_3' title="bbox 747 2430 1993 3051">
    <p class='ocr_par' dir='ltr' id='par_1_3' title="bbox 747 2430 1993 3051">
     <span class='ocr_line' id='line_1_18' title="bbox 820 2430 1988 2549; baseline 0.003 -28"><span class='ocrx_word' id='word_1_120' title='bbox 820 2530 823 2537; x_wconf 11' lang='grc' dir='ltr'><strong><em>Δ</em></strong></span> <span class='ocrx_word' id='word_1_121' title='bbox 898 2430 1079 2521; x_wconf 81' lang='lat' dir='ltr'>Volatus</span> <span class='ocrx_word' id='word_1_122' title='bbox 1112 2456 1279 2549; x_wconf 84' lang='lat' dir='ltr'>propter</span> <span class='ocrx_word' id='word_1_123' title='bbox 1309 2435 1472 2521; x_wconf 76' lang='lat' dir='ltr'>alarum</span> <span class='ocrx_word' id='word_1_124' title='bbox 1526 2430 1853 2540; x_wconf 82' lang='lat' dir='ltr'>magnitudinem</span> <span class='ocrx_word' id='word_1_125' title='bbox 1898 2433 1988 2523; x_wconf 85' lang='lat' dir='ltr'>lenit</span> 
     </span>
     <span class='ocr_line' id='line_1_19' title="bbox 748 2550 1990 2676; baseline 0.004 -31"><span class='ocrx_word' id='word_1_126' title='bbox 748 2582 791 2647; x_wconf 79' lang='lat' dir='ltr'>at</span> <span class='ocrx_word' id='word_1_127' title='bbox 823 2550 904 2647; x_wconf 76' lang='lat' dir='ltr'>dne</span> <span class='ocrx_word' id='word_1_128' title='bbox 937 2566 1114 2676; x_wconf 83' lang='lat' dir='ltr'>strepitu</span> <span class='ocrx_word' id='word_1_129' title='bbox 1178 2562 1352 2649; x_wconf 82' lang='lat' dir='ltr'>incessus</span> <span class='ocrx_word' id='word_1_130' title='bbox 1383 2562 1546 2666; x_wconf 79' lang='lat' dir='ltr'>elegans</span> <span class='ocrx_word' id='word_1_131' title='bbox 1575 2579 1618 2645; x_wconf 85' lang='lat' dir='ltr'>et</span> <span class='ocrx_word' id='word_1_132' title='bbox 1631 2564 1853 2673; x_wconf 83' lang='lat' dir='ltr'>expeditus.</span> <span class='ocrx_word' id='word_1_133' title='bbox 1914 2566 1990 2653; x_wconf 73' lang='lat' dir='ltr'>Mu</span> 
     </span>
     <span class='ocr_line' id='line_1_20' title="bbox 747 2686 1989 2801; baseline 0.003 -28"><span class='ocrx_word' id='word_1_134' title='bbox 747 2692 867 2773; x_wconf 80' lang='lat' dir='ltr'>xime</span> <span class='ocrx_word' id='word_1_135' title='bbox 898 2690 1113 2801; x_wconf 75' lang='lat' dir='ltr'>singularis</span> <span class='ocrx_word' id='word_1_136' title='bbox 1144 2709 1283 2799; x_wconf 83' lang='lat' dir='ltr'>autem</span> <span class='ocrx_word' id='word_1_137' title='bbox 1315 2692 1371 2777; x_wconf 87' lang='lat' dir='ltr'>&#39;est</span> <span class='ocrx_word' id='word_1_138' title='bbox 1418 2711 1505 2777; x_wconf 78' lang='lat' dir='ltr'>uox</span> <span class='ocrx_word' id='word_1_139' title='bbox 1556 2686 1678 2773; x_wconf 89' lang='lat' dir='ltr'>huius</span> <span class='ocrx_word' id='word_1_140' title='bbox 1722 2692 1832 2798; x_wconf 83' lang='lat' dir='ltr'>auis,</span> <span class='ocrx_word' id='word_1_141' title='bbox 1873 2716 1989 2801; x_wconf 86' lang='lat' dir='ltr'>quen</span> 
     </span>
     <span class='ocr_line' id='line_1_21' title="bbox 751 2814 1989 2924; baseline 0.006 -30"><span class='ocrx_word' id='word_1_142' title='bbox 751 2814 925 2900; x_wconf 84' lang='lat' dir='ltr'>excitata</span> <span class='ocrx_word' id='word_1_143' title='bbox 963 2822 1068 2904; x_wconf 89' lang='lat' dir='ltr'>inter</span> <span class='ocrx_word' id='word_1_144' title='bbox 1101 2820 1327 2905; x_wconf 80' lang='lat' dir='ltr'>volandum</span> <span class='ocrx_word' id='word_1_145' title='bbox 1368 2820 1569 2904; x_wconf 88' lang='lat' dir='ltr'>continuo</span> <span class='ocrx_word' id='word_1_146' title='bbox 1614 2820 1763 2924; x_wconf 81' lang='lat' dir='ltr'>iterat,</span> <span class='ocrx_word' id='word_1_147' title='bbox 1806 2844 1989 2907; x_wconf 83' lang='lat' dir='ltr'>cornuum</span> 
     </span>
     <span class='ocr_line' id='line_1_22' title="bbox 747 2932 1993 3051; baseline 0.013 -32"><span class='ocrx_word' id='word_1_148' title='bbox 747 2932 1006 3022; x_wconf 80' lang='lat' dir='ltr'>musicorum</span> <span class='ocrx_word' id='word_1_149' title='bbox 1041 2936 1339 3051; x_wconf 64' lang='lat' dir='ltr'>(clamites),</span> <span class='ocrx_word' id='word_1_150' title='bbox 1379 2943 1459 3027; x_wconf 86' lang='lat' dir='ltr'>sere</span> <span class='ocrx_word' id='word_1_151' title='bbox 1492 2943 1719 3031; x_wconf 86' lang='lat' dir='ltr'>aemulum.</span> <span class='ocrx_word' id='word_1_152' title='bbox 1765 2945 1890 3037; x_wconf 74' lang='lat' dir='ltr'>‚Alia</span> <span class='ocrx_word' id='word_1_153' title='bbox 1924 2976 1993 3039; x_wconf 74' lang='lat' dir='ltr'>rur</span> 
     </span>
    </p>
   </div>
   <div class='ocr_carea' id='block_1_4' title="bbox 665 3061 1998 3822">
    <p class='ocr_par' dir='ltr' id='par_1_4' title="bbox 665 3061 1998 3822">
     <span class='ocr_line' id='line_1_23' title="bbox 751 3061 1994 3179; baseline 0.015 -32"><span class='ocrx_word' id='word_1_154' title='bbox 751 3061 799 3147; x_wconf 93' lang='lat' dir='ltr'>in</span> <span class='ocrx_word' id='word_1_155' title='bbox 833 3062 1022 3147; x_wconf 86' lang='lat' dir='ltr'>cicuratis</span> <span class='ocrx_word' id='word_1_156' title='bbox 1053 3066 1243 3151; x_wconf 86' lang='lat' dir='ltr'>masculis</span> <span class='ocrx_word' id='word_1_157' title='bbox 1280 3068 1440 3179; x_wconf 78' lang='lat' dir='ltr'>vesperi</span> <span class='ocrx_word' id='word_1_158' title='bbox 1472 3091 1517 3178; x_wconf 84' lang='lat' dir='ltr'>et</span> <span class='ocrx_word' id='word_1_159' title='bbox 1547 3100 1670 3159; x_wconf 86' lang='lat' dir='ltr'>mane</span> <span class='ocrx_word' id='word_1_160' title='bbox 1718 3078 1901 3166; x_wconf 76' lang='lat' dir='ltr'>exaudiri</span> <span class='ocrx_word' id='word_1_161' title='bbox 1947 3083 1994 3167; x_wconf 83' lang='lat' dir='ltr'>su</span> 
     </span>
     <span class='ocr_line' id='line_1_24' title="bbox 755 3187 1994 3315; baseline 0.02 -43"><span class='ocrx_word' id='word_1_162' title='bbox 755 3187 840 3295; x_wconf 88' lang='lat' dir='ltr'>let,</span> <span class='ocrx_word' id='word_1_163' title='bbox 895 3193 1117 3303; x_wconf 84' lang='lat' dir='ltr'>pauoninae</span> <span class='ocrx_word' id='word_1_164' title='bbox 1146 3192 1370 3280; x_wconf 87' lang='lat' dir='ltr'>subfimilis.</span> <span class='ocrx_word' id='word_1_165' title='bbox 1466 3199 1566 3285; x_wconf 86' lang='lat' dir='ltr'>Alio</span> <span class='ocrx_word' id='word_1_166' title='bbox 1598 3222 1784 3315; x_wconf 88' lang='lat' dir='ltr'>tempore</span> <span class='ocrx_word' id='word_1_167' title='bbox 1810 3214 1994 3295; x_wconf 76' lang='lat' dir='ltr'>rariorem</span> 
     </span>
     <span class='ocr_line' id='line_1_25' title="bbox 754 3318 1996 3432; baseline 0.014 -31"><span class='ocrx_word' id='word_1_168' title='bbox 754 3319 912 3425; x_wconf 86' lang='lat' dir='ltr'>edunt,</span> <span class='ocrx_word' id='word_1_169' title='bbox 944 3318 1054 3432; x_wconf 84' lang='lat' dir='ltr'>quusi</span> <span class='ocrx_word' id='word_1_170' title='bbox 1086 3322 1186 3429; x_wconf 86' lang='lat' dir='ltr'>galli</span> <span class='ocrx_word' id='word_1_171' title='bbox 1218 3321 1394 3409; x_wconf 87' lang='lat' dir='ltr'>breuiter</span> <span class='ocrx_word' id='word_1_172' title='bbox 1425 3331 1677 3416; x_wconf 77' lang='lat' dir='ltr'>cucurientis</span> <span class='ocrx_word' id='word_1_173' title='bbox 1706 3332 1864 3418; x_wconf 86' lang='lat' dir='ltr'>sonum.</span> <span class='ocrx_word' id='word_1_174' title='bbox 1953 3338 1996 3423; x_wconf 80' lang='lat' dir='ltr'>iu</span> 
     </span>
     <span class='ocr_line' id='line_1_26' title="bbox 665 3450 1996 3567; baseline 0.019 -41"><span class='ocrx_word' id='word_1_175' title='bbox 665 3490 670 3501; x_wconf 90' lang='lat'><strong>·</strong></span> <span class='ocrx_word' id='word_1_176' title='bbox 756 3468 900 3555; x_wconf 87' lang='lat' dir='ltr'>genere</span> <span class='ocrx_word' id='word_1_177' title='bbox 930 3450 1068 3533; x_wconf 88' lang='lat' dir='ltr'>minus</span> <span class='ocrx_word' id='word_1_178' title='bbox 1100 3452 1244 3538; x_wconf 81' lang='lat' dir='ltr'>timida</span> <span class='ocrx_word' id='word_1_179' title='bbox 1275 3454 1329 3537; x_wconf 84' lang='lat' dir='ltr'>esi</span> <span class='ocrx_word' id='word_1_180' title='bbox 1358 3457 1466 3565; x_wconf 85' lang='lat' dir='ltr'>auis,</span> <span class='ocrx_word' id='word_1_181' title='bbox 1499 3480 1625 3567; x_wconf 87' lang='lat' dir='ltr'>neque</span> <span class='ocrx_word' id='word_1_182' title='bbox 1660 3458 1874 3549; x_wconf 83' lang='lat' dir='ltr'>hominem</span> <span class='ocrx_word' id='word_1_183' title='bbox 1907 3490 1996 3551; x_wconf 86' lang='lat' dir='ltr'>cuu-</span> 
     </span>
     <span class='ocr_line' id='line_1_27' title="bbox 757 3577 1996 3695; baseline 0.016 -34"><span class='ocrx_word' id='word_1_184' title='bbox 757 3577 938 3684; x_wconf 73' lang='lat' dir='ltr'>spectum</span> <span class='ocrx_word' id='word_1_185' title='bbox 974 3577 1105 3662; x_wconf 83' lang='lat' dir='ltr'>statim</span> <span class='ocrx_word' id='word_1_186' title='bbox 1139 3584 1388 3667; x_wconf 81' lang='lat' dir='ltr'>reformidat</span> <span class='ocrx_word' id='word_1_187' title='bbox 1480 3586 1622 3673; x_wconf 89' lang='lat' dir='ltr'>Occiso</span> <span class='ocrx_word' id='word_1_188' title='bbox 1652 3614 1797 3695; x_wconf 88' lang='lat' dir='ltr'>mare,</span> <span class='ocrx_word' id='word_1_189' title='bbox 1834 3593 1920 3676; x_wconf 75' lang='lat' dir='ltr'>ridi</span> <span class='ocrx_word' id='word_1_190' title='bbox 1948 3600 1996 3683; x_wconf 90' lang='lat' dir='ltr'>se·</span> 
     </span>
     <span class='ocr_line' id='line_1_28' title="bbox 759 3704 1998 3822; baseline 0.02 -35"><span class='ocrx_word' id='word_1_191' title='bbox 759 3704 917 3787; x_wconf 85' lang='lat' dir='ltr'>minam</span> <span class='ocrx_word' id='word_1_192' title='bbox 950 3705 1019 3789; x_wconf 91' lang='lat' dir='ltr'>diu</span> <span class='ocrx_word' id='word_1_193' title='bbox 1048 3708 1154 3793; x_wconf 87' lang='lat' dir='ltr'>circa</span> <span class='ocrx_word' id='word_1_194' title='bbox 1190 3731 1461 3822; x_wconf 82' lang='lat' dir='ltr'>venatorem,</span> <span class='ocrx_word' id='word_1_195' title='bbox 1509 3719 1706 3803; x_wconf 85' lang='lat' dir='ltr'>continuo</span> <span class='ocrx_word' id='word_1_196' title='bbox 1735 3715 1913 3806; x_wconf 87' lang='lat' dir='ltr'>clamore</span> <span class='ocrx_word' id='word_1_197' title='bbox 1937 3724 1998 3811; x_wconf 80' lang='lat' dir='ltr'>nh-</span> 
     </span>
    </p>
   </div>
   <div class='ocr_carea' id='block_1_5' title="bbox 757 3830 2001 4065">
    <p class='ocr_par' dir='ltr' id='par_1_5' title="bbox 757 3830 2001 4065">
     <span class='ocr_line' id='line_1_29' title="bbox 757 3830 2001 3963; baseline 0.014 -47"><span class='ocrx_word' id='word_1_198' title='bbox 757 3830 1036 3949; x_wconf 79' lang='lat' dir='ltr'>nolitantem‚</span> <span class='ocrx_word' id='word_1_199' title='bbox 1069 3860 1143 3924; x_wconf 85' lang='lat' dir='ltr'>nee</span> <span class='ocrx_word' id='word_1_200' title='bbox 1174 3838 1249 3927; x_wconf 79' lang='lat' dir='ltr'>nisa</span> <span class='ocrx_word' id='word_1_201' title='bbox 1282 3841 1399 3928; x_wconf 89' lang='lat' dir='ltr'>tertia</span> <span class='ocrx_word' id='word_1_202' title='bbox 1432 3840 1556 3961; x_wconf 89' lang='lat' dir='ltr'>sclopi</span> <span class='ocrx_word' id='word_1_203' title='bbox 1589 3844 1824 3963; x_wconf 82' lang='lat' dir='ltr'>explosione</span> <span class='ocrx_word' id='word_1_204' title='bbox 1852 3852 2001 3959; x_wconf 75' lang='lat' dir='ltr'>regione</span> 
     </span>
     <span class='ocr_line' id='line_1_30' title="bbox 1964 4004 2001 4065; baseline -0.054 0"><span class='ocrx_word' id='word_1_205' title='bbox 1964 4004 2001 4065; x_wconf 86' lang='lat' dir='ltr'>ru</span> 
     </span>
    </p>
   </div>
   <div class='ocr_carea' id='block_1_6' title="bbox 0 0 2142 5617">
    <p class='ocr_par' dir='ltr' id='par_1_6' title="bbox 0 0 2142 5617">
     <span class='ocr_line' id='line_1_31' title="bbox 0 0 2142 5617; baseline 0 0"><span class='ocrx_word' id='word_1_206' title='bbox 0 0 2142 5617; x_wconf 95' lang='lat' dir='ltr'> </span> 
     </span>
    </p>
   </div>
  </div>
 </body>
</html>
