4200 5617
93 556 348 658 nunnus.
367 551 678 650 amanum
697 549 878 654 einen
903 555 1224 688 anquam.
1266 589 1350 680 ως

93 798 166 888 bus
194 795 363 885 abscissis
394 794 675 909 respondentes
701 790 780 878 sint
810 794 1006 906 aequales.
1054 865 1058 871 .
1102 797 1221 916 Quae
1236 779 1363 892 'enim

96 954 119 1014 a
151 925 393 1016 Geometris
423 927 474 1012 de
505 925 745 1040 aequalitate
776 919 979 1010 linearum
1010 949 1235 1020 curuarum
1275 957 1368 1044 par.

95 1052 175 1142 fim
208 1061 302 1141 sunt
335 1057 606 1163 inuestigare,
643 1049 740 1136 haec
774 1052 988 1163 aequalitas
1019 1081 1099 1142 non
1135 1063 1184 1146 ad
1219 1085 1365 1150 omnes

95 1207 211 1274 arcus
252 1189 385 1274 eidem
433 1181 609 1268 abscissae
651 1182 932 1290 respondentes
982 1188 1249 1302 extenditur5
1299 1189 1366 1276 sed

94 1341 177 1432 pro
209 1336 290 1401 rna
323 1330 485 1396 tantum
518 1309 782 1398 determinata
809 1312 963 1398 abscissa
992 1317 1060 1404 seu
1092 1321 1221 1406 etiam
1270 1318 1366 1430 plu·

96 1447 243 1550 ribus,
293 1463 550 1555 nequaquam
603 1455 742 1527 autem
789 1445 983 1529 omnibus
1033 1447 1175 1536 locum
1224 1443 1367 1533 habere

96 1569 232 1690 potest.
325 1571 396 1658 Ex
445 1595 527 1682 quo
555 1567 818 1684 perspicuum
852 1576 909 1658 est
941 1599 1024 1660 non
1055 1580 1143 1666 dari
1176 1573 1275 1659 duas
1307 1574 1364 1662 li·

96 1729 189 1790 neas
217 1723 364 1785 curuas
387 1701 592 1811 diuersas,
632 1721 732 1810 quae
762 1701 813 1785 ad
845 1705 1022 1787 eundem
1056 1731 1180 1793 axem
1214 1705 1364 1792 relatae
1453 1794 1455 1805 ,

96 1857 173 1948 pru
204 1832 398 1920 omnibus
428 1828 597 1920 absriffis
627 1824 796 1915 habeam
825 1839 939 1920 arcus
970 1833 1079 1921 inter
1112 1841 1148 1923 se
1165 1833 1361 1948 aequales.

250 2091 361 2178 llaec
415 2091 508 2180 ideo
553 2093 850 2208 praemonenda
898 2094 1036 2204 duni,
1085 2119 1172 2207 quo
1218 2097 1368 2182 elatius

91 2213 259 2326 insigne
288 2222 534 2330 discrimen,
585 2225 694 2335 quod
725 2221 987 2312 interlineas
1018 2246 1165 2310 curuas
1211 2242 1255 2310 et
1301 2231 1369 2311 su·

90 2346 287 2461 perficies
321 2352 569 2461 intercedit,
605 2351 775 2466 perspici
804 2353 938 2467 poffit.
1010 2352 1123 2440 Cum
1152 2357 1266 2439 enim
1297 2357 1368 2441 su·

88 2475 281 2591 perficies
316 2482 483 2594 perinde
510 2485 561 2568 ad
592 2483 763 2594 planum
793 2488 1002 2597 quoddam
1034 2481 1173 2568 finum
1225 2509 1270 2571 ac
1319 2483 1372 2568 li·

88 2631 191 2692 neae
220 2633 373 2695 curuae
400 2611 450 2696 ad
482 2635 603 2696 axem
636 2613 892 2700 restilineum
941 2613 1079 2697 fixum
1111 2614 1254 2696 reterri
1300 2635 1370 2695 ea·

91 2760 280 2851 rumque
311 2741 519 2851 portiones
551 2743 702 2852 ruique
731 2744 860 2853 soatio
889 2743 934 2825 in
969 2741 1045 2826 illo
1075 2741 1202 2849 plano
1220 2736 1368 2822 aslum-

93 2881 140 2951 to
182 2867 451 2955 imminentes
500 2869 680 2976 indagari
729 2867 908 2974 soleant3
956 2868 1115 2955 etiamsi
1170 2865 1239 2953 hic
1291 2891 1370 2982 pro

93 2997 244 3106 quouis
274 2996 407 3110 spatio
442 3000 644 3110 quantitas
684 2997 910 3110 superficiei
958 2999 1219 3084 imminentis
1266 3022 1372 3110 pro·

93 3129 307 3235 portatur,
356 3127 448 3212 inde
499 3149 636 3217 tamen
689 3147 834 3215 natura
866 3127 1095 3240 superficiei
1125 3128 1370 3237 neutiquam

91 3254 429 3363 determinatur,
477 3260 543 3342 sed
589 3264 749 3369 semper
794 3256 1108 3344 innumerabiles
1139 3253 1369 3369 superficies

92 3383 277 3468 diuersae
306 3385 490 3470 exhiberi
522 3387 720 3498 possunt,
764 3412 941 3496 quarum
972 3388 1181 3494 portiones
1220 3389 1371 3496 cuique

91 3511 234 3620 spatio
267 3509 382 3618 plani
412 3511 493 3592 lixi
523 3515 789 3594 imminentes
822 3512 905 3593 sint
936 3513 1043 3592 inter
1094 3514 1133 3594 se
1177 3513 1370 3624 aequales.

91 3638 219 3752 Quae
244 3637 551 3724 circumstantia
581 3662 604 3722 a
636 3656 776 3720 natura
807 3635 1013 3721 linearum
1048 3653 1260 3750 tantopere
1308 3641 1376 3725 di-

94 3773 279 3876 serepans
312 3790 365 3849 eo
396 3765 527 3870 magis
554 3765 678 3852 omni
723 3773 951 3854 attentione
1000 3767 1123 3872 digna
1177 3770 1377 3876 uidetur,

97 3899 208 4010 quod
241 3891 401 4005 infigne
435 3892 667 4004 paradoxon
701 3895 743 3977 in
776 3896 964 3983 dedeina
993 3895 1219 3982 solidorum
1257 3925 1378 3986 com·

98 4025 313 4140 plestitur.
410 4020 477 4107 lta
521 4022 636 4132 super
683 4022 768 4110 basr
823 4025 1008 4112 circulari
1066 4023 1371 4136 hemisphaerio

99 4157 355 4259 constituto,
386 4152 504 4260 supet
536 4151 678 4242 eadem
710 4153 787 4240 basi
821 4153 1134 4244 innumerabilia
1168 4157 1249 4242 alia
1281 4158 1374 4243 soli·

100 4294 151 4378 da
186 4285 337 4376 exslrui
368 4279 472 4396 posse
503 4283 682 4369 omniuo
714 4287 873 4373 mirum
910 4285 1146 4396 videbitur,
1196 4311 1376 4398 quorum

103 4437 192 4506 non
245 4410 380 4511 solum
431 4431 513 4506 tota
562 4411 792 4525 superficies
834 4413 1015 4532 aequalis
1064 4415 1116 4506 fit
1146 4417 1377 4535 superficiei

166 4539 734 4670 'iuleVNouComm
927 4549 970 4648 Q
1238 4539 1380 4632 hemi·
