4200 5617
646 627 648 632 ,
700 553 788 639 170
854 575 857 585 «
979 521 1082 617 DE
1137 517 1674 618 PARTITIONE

695 759 835 876 aeque'
853 755 1140 848 licile'eadete
1173 750 1312 876 potest.
1412 751 1566 875 Qtodll
1598 758 1681 844 latu
1714 758 1839 851 liuius
1889 787 1965 853 ex·

696 891 904 1011 pressioris
934 893 1178 1006 quadratum
1207 897 1414 996 sumatur,
1447 891 1617 1005 quaeuis
1647 896 1819 1007 poteslas
1840 897 1965 1008 ipsios

694 1041 924 1113 ac‘taututn
957 1026 1131 1136 recipiet
1162 1021 1492 1128 crediderent,
1540 1021 1613 1136 qui
1665 1027 1815 1114 indicet
1866 1051 1967 1138 quot

697 1154 833 1244 modis
864 1177 910 1239 ea
947 1155 1122 1264 potestas
1152 1173 1204 1234 ex
1222 1151 1569 1263 multiplicatione
1597 1151 1790 1239 binorum
1819 1145 1968 1243 tenni·

687 1310 850 1372 uorum
884 1283 998 1368 istius
1030 1277 1291 1392 expressionis
1325 1281 1552 1390 resultare,
1589 1281 1670 1368 hoc
1717 1287 1811 1390 eli,
1862 1305 1965 1398 quot

695 1413 834 1504 ‘modia
866 1415 952 1496 eius
985 1429 1193 1523 exponens
1223 1436 1277 1495 ex
1307 1399 1511 1498 additione
1543 1411 1738 1502 binorum
1772 1439 1965 1502 nurnero

697 1567 795 1633 rum
825 1560 878 1627 ex
908 1539 1050 1646 ordine
1090 1572 1137 1648 r,
1172 1569 1224 1652 a,
1261 1566 1313 1650 3,
1354 1569 1426 1646 4,
1465 1566 1519 1648 5,
1558 1549 1590 1625 6
1628 1539 1795 1655 produci
1827 1547 1960 1663 possit.

696 1667 889 1766 Euoluto
920 1673 1210 1782 ergo-,nostrae
1248 1672 1512 1782 expressionis
1559 1676 1783 1785 quadrato,
1835 1675 1868 1760 fi
1922 1680 1964 1766 in

694 1830 749 1896 ‘eo
783 1817 966 1892 occrrrrat
1002 1805 1205 1890 terminus
1237 1798 1380 1910 Mxl,
1413 1803 1504 1888 inde
1543 1798 1764 1910 colligitur
1815 1829 1962 1889 nume·

698 1959 793 2020 rum
829 1931 874 2020 N
906 1931 1013 2016 binis
1046 1933 1194 2018 tefferis
1241 1928 1430 2019 iac'iendia
1477 1949 1542 2038 tot
1590 1933 1723 2018 modis
1772 1937 1963 2047 prodire,

544 2131 549 2143 .
694 2085 802 2180 quot
844 2063 1077 2152 coefficiens
1109 2061 1164 2148 M
1195 2062 1397 2150 contiueat
1453 2062 1636 2150 eniterer
1786 2125 1795 2136 ·

841 2273 885 2359 ς.
921 2253 1067 2345 Simili
1101 2257 1227 2346 modo
1255 2254 1423 2345 euidens
1454 2257 1521 2364 eli,
1552 2251 1584 2340 sr
1620 2257 1966 2371 istiusexpreffio-

1785 2371 1969 2495 4x⁶)⁸,

690 2513 744 2604 in
778 2517 1145 2609 eius-euolutioue
1195 2520 1389 2630 quamuis
1437 2520 1680 2628 potestatem
1728 2509 1785 2602 uN
1840 2521 1970 2606 toties

691 2671 952 2758 occurrere,
993 2669 1098 2762 quot
1133 2649 1267 2735 modis
1298 2649 1387 2734 eius
1416 2671 1625 2759 exponens
1644 2643 1688 2733 N
1706 2645 1817 2764 oriri
1833 2643 1973 2760 potest

694 2773 885 2866 addendis
918 2781 1048 2872 trinus
1079 2780 1270 2881 numeris
1309 2800 1362 2864 ear
1405 2779 1548 2862 ordine
1594 2806 1635 2882 1,
1655 2805 1697 2886 2,
1719 2799 1761 2880 3,
1779 2795 1887 2884 Μ,
1905 2781 1970 2881 63

693 2909 806 2994 'unde
845 2897 1032 2993 fihuius
1079 2910 1287 3019 potestatis
1335 2907 1565 2996 coefficiens
1596 2905 1647 2993 lit
1680 2907 1747 3011 Μ,
1778 2905 1972 3016 totusque

693 3027 903 3125 ‘eominus
937 3029 1105 3142 MxN,
1137 3059 1191 3120 ex
1222 3063 1276 3126 eo
1306 3037 1595 3125 concludimus
1640 3061 1871 3124 numerum
1922 3032 1968 3119 N

692 3161 829 3252 'tribus
857 3165 1023 3254 tesseris
1073 3164 1264 3254 iaciendis
1312 3185 1375 3253 tot
1426 3165 1558 3252 modis
1609 3167 1778 3276 produci
1827 3161 1964 3273 posse,

698 3313 800 3408 quot
831 3297 1065 3387 toefficieus
1095 3293 1151 3379 M
1192 3298 1397 3381 contineat
1446 3291 1633 3378 unitates.
1715 3289 1963 3398 Generatim

695 3428 801 3534 'ergo
833 3424 862 3509 fi
891 3431 1082 3514 samalur
1118 3427 1359 3536 exponentis
1391 3447 1416 3505 u
1464 3421 1638 3526 dignitas
1686 3415 1868 3532 nostrae
1893 3446 1964 3506 ex-

699 3555 906 3673 preffionis
937 3528 1692 3674 (x÷x²-l-x⁸÷x⁴-l-x⁵-l-x⁶)'²‚
1718 3575 1767 3634 ea
1798 3550 1963 3636 euolota
2027 3535 2033 3542 ’

664 3774 666 3783 ,
696 3687 923 3788 nundum·
951 3689 1162 3800 potestates
1184 3683 1318 3794 ipius
1346 3706 1396 3784 ac,
1428 3677 1600 3791 quilibet
1635 3671 1963 3766 teruiinusMx⁸

697 3816 898 3922 docebit,
945 3815 976 3899 si
1026 3833 1224 3897 numerus
1275 3807 1511 3896 tesserarum
1566 3807 1687 3891 luerit
1735 3814 1869 3917 :a,'
1913 3807 1966 3893 iie

693 3943 890 4032 iaciendis
920 3965 1149 4030 numerum
1185 3937 1228 4028 N
1262 3956 1328 4027 tot
1359 3939 1490 4022 modis
1523 3936 1662 4022 cadere
1693 3939 1834 4052 polle,
1863 3949 1967 4056 quot
2060 3923 2062 3932 ’

697 4074 928 4184 eoefficieua
958 4077 1008 4166 Μ
1038 4072 1248 4160 contiueat
1285 4070 1472 4157 unitates.

851 4271 892 4353 6.
926 4261 971 4356 Si
1002 4232 1104 4377 etgo
1134 4265 1369 4356 tesserarum
1420 4283 1616 4348 numerus
1664 4250 1791 4346 suerit
1838 4283 1969 4368 zu,

694 4410 998 4518 quaeraturque
1059 4417 1165 4518 quot
1212 4397 1345 4491 modis
1400 4397 1520 4489 datus
1569 4415 1767 4526 uunnerua
1816 4389 1864 4480 N
1917 4381 1981 4475 iie‘

1775 4550 1779 4558 ·
1829 4521 1969 4645 proii-
