4200 5617
651 475 742 590 ζιιι
1045 489 1162 602 »2023
1194 483 1209 588 l
1242 513 1271 574 0
1304 485 1326 600 l
1360 473 1476 595 bie&

550 806 553 814 ,
976 785 980 796 .
1227 713 1330 806 ou
1383 873 1387 879 ,
1507 742 1511 752 ι
1564 709 1568 719 ’

653 904 1242 1034 PARTITIONE
1321 895 1921 1038 NVMERORVM

639 1203 690 1246 ,·
775 1132 843 1222 ru
888 1130 1105 1222 ramus
1145 1128 1277 1214 rum
1322 1125 1580 1218 Nvmeuo
1621 1117 1802 1243 ovum

1056 1255 1253 1348 serem
1316 1254 1530 1360 ouras.
1641 1353 1645 1361 ,

1149 1521 1438 1606 Auctore

1043 1739 1560 1870 tartaro

669 2167 834 2402 Cum
870 2183 975 2276 olim
1029 2157 1301 2277 trauauiffem
1351 2185 1560 2298 problema
1604 2185 1655 2274 ‹le
1708 2187 1932 2302 partitione

793 2343 1088 2428 numerorum,
1119 2346 1204 2431 quo
1234 2322 1523 2429 quaerebatur,
1554 2339 1656 2430 quot
1683 2325 1808 2406 variis
1839 2347 1935 2406 mo·

483 2471 486 2476 ’
668 2451 728 2535 dis
760 2451 1180 2534 datusnumerusio
1214 2447 1441 2557 ruas,ve1
1475 2471 1583 2558 tres,
1630 2451 1699 2536 uel
1753 2461 1935 2562 quatuor

669 2575 737 2662 rel
770 2583 996 2683 generatim
1028 2582 1071 2664 io
1113 2599 1177 2667 tot
1216 2593 1385 2690 partes,
1435 2599 1536 2689 quot
1584 2601 1676 2688 qur
1720 2583 1941 2683 uoluerit,

670 2707 840 2822 discerpi
874 2709 1024 2820 poffit,
1074 2709 1113 2792 id
1148 2707 1417 2820 potrffimum
1436 2711 1617 2811 curaui,
1664 2724 1712 2793 vt
1752 2711 1796 2792 in
1843 2727 1940 2792 erus

669 2835 871 2926 solutione
904 2835 1010 2920 nihil
1039 2839 1259 2946 quicquam
1294 2835 1545 2942 mumioni,
1575 2841 1693 2925 cuius
1723 2843 1817 2924 rsus
1849 2833 1937 2946 ple·

670 2989 850 3076 utrmque
884 2968 926 3050 in
962 2963 1197 3060 huiusmodi
1235 2963 1548 3076 problematibus
1588 2971 1786 3054 soluendis
1836 2963 1938 3049 solet

670 3096 761 3184 elle.
780 3093 1149 3203 irequenussimus,
1183 3095 1412 3183 tribuerem.
1486 3099 1651 3210 Atque
1684 3095 1937 3200 methodus,

674 3225 877 3338 qualum
912 3227 1035 3330 ulus,
1070 3227 1124 3305 ita
1157 3226 1320 3324 vitetur
1352 3243 1614 3334 comparata,
1646 3245 1707 3310 vt
1726 3227 1855 3307 etiam
1888 3224 1934 3306 ad

675 3350 753 3436 alia
789 3333 1034 3484 problemata
1074 3377 1207 3464 aequo
1254 3349 1421 3445 succelsu
1471 3348 1561 3434 adh
1565 3355 1648 3439 bert
1697 3328 1850 3460 polilt,
1896 3350 1934 3434 id

675 3479 784 3591 quod
815 3463 1095 3586 vulg'atiffimo
1126 3478 1202 3566 illo
1237 3478 1507 3592 problemate,
1540 3503 1624 3591 quo
1648 3483 1790 3590 quaeri
1821 3477 1936 3587 solet,

675 3628 778 3720 quot
812 3613 945 3694 modis
975 3610 1093 3692 datus
1127 3616 1323 3694 numerus
1361 3613 1456 3693 dato
1489 3610 1723 3694 tellemrum
1762 3633 1937 3694 numero

676 3739 819 3856 proiici
870 3739 1022 3851 polilt,
1072 3738 1123 3824 eo
1175 3739 1343 3847 quidem
1392 3736 1636 3846 ampliffime
1674 3739 1838 3826 extenso
1863 3736 1935 3822 hic

677 3869 880 3954 ollendere
910 3866 1113 3953 constitui.

832 4121 872 4179 α.
907 4097 1079 4214 Quando
1109 4093 1522 4207 autem-quaeritur,
1558 4114 1662 4205 quot
1695 4098 1828 4184 modis
1858 4098 1935 4182 da-

680 4237 745 4306 tus
777 4248 973 4313 numerus
1007 4226 1052 4312 N
1085 4229 1224 4309 datum
1260 4225 1493 4309 tellemrum
1528 4249 1747 4312 numerum
1781 4252 1806 4310 n
1839 4252 1936 4340 pro·

633 4403 640 4412 .
678 4351 853 4442 liciendo
885 4361 1026 4460 cadere
1061 4355 1210 4474 polilt,
1239 4357 1419 4469 ¹quaestio
1447 4352 1527 4441 huc
1561 4359 1700 4468 reoit,
1730 4375 1833 4472 quot
1866 4382 1937 4440 va·

883 4533 886 4539 ,
1869 4508 1939 4572 rus
