4200 5617
356 555 436 650 nr
486 545 792 648 emuncto
840 471 1078 642 nunno

110 915 445 1014 circumferentia
487 914 702 1060 metacarpi
782 954 805 977 ·
884 953 907 977 -
982 953 1004 973 ·
1242 979 1253 1003 ‚

110 1053 336 1159 Longitudo
366 1051 485 1157 digiti
518 1045 663 1131 eatimi
688 1042 731 1125 io
749 1039 897 1153 palmis
913 1045 1011 1124 con'r
1032 1065 1146 1153 ungu
1205 1091 1249 1112 ..

139 1179 1013 1265 -intimi··.--·..
1091 1211 1205 1237 .‹

137 1307 1010 1402 -medii··---...
1091 1346 1112 1368 ,

109 1431 350 1544 Digitorum
381 1425 693 1516 lateralium·
760 1473 781 1495 ·
840 1475 860 1492 -
920 1474 941 1488 -
1002 1471 1025 1494 .
1084 1475 1107 1496 .

248 1687 507 1798 Respondent
569 1685 848 1794 magnitudine
897 1683 1019 1792 digiti
1065 1686 1253 1800 pedum,
1299 1681 1364 1770 sed

108 1817 302 1927 lingulare
352 1814 429 1902 hoc
487 1815 542 1902 est
570 1817 602 1921 ,‘
653 1818 761 1926 quod
811 1817 965 1920 digitus
1015 1815 1183 1899 iniimus
1231 1813 1364 1926 poste

104 1951 191 2031 rius
240 1943 442 2049 locetur,
489 1944 601 2028 ultra
638 1964 677 2042 3.
726 1939 892 2056 pollices
923 1965 946 2024 a
979 1942 1121 2030 uicino
1162 1961 1363 2029 remotus.

100 2075 155 2162 Id
201 2095 363 2184 quoque
410 2069 542 2158 adhuc
592 2067 718 2156 habeo
764 2072 989 2158 addendum
1032 2132 1046 2177 ‚
1106 2069 1216 2179 quod
1270 2069 1366 2180 pili,

98 2199 298 2311 brachia,
359 2217 402 2284 et
451 2218 775 2310 metacarpum,
834 2199 948 2285 tibiae
1003 2218 1046 2286 et
1097 2201 1372 2328 metatarsum

96 2346 278 2438 tegentes
311 2340 365 2413 ex
396 2326 537 2416 lucido
563 2327 707 2417 colo'r'e
750 2327 991 2434 canescant,
1040 2319 1228 2442 quodque
1267 2351 1363 2412 cor·

92 2481 179 2574 pus
231 2476 272 2542 et
320 2460 443 2543 tarsus
495 2461 631 2568 nudi,
679 2459 846 2545 inferius
887 2457 1038 2544 sordide
1087 2459 1184 2543 insci
1231 2457 1366 2546 obser·

88 2606 261 2678 ventur.

290 2842 430 2959 Atque
464 2845 563 2937 haee
595 2849 759 2961 quidem
795 2845 1034 2954 magnitudo
1066 2845 1247 2933 constant
1276 2845 1362 2954 est,

84 2993 139 3068 et
171 2979 349 3064 constans
382 2981 540 3064 aurium
575 2980 859 3082 conformatio,
889 2998 940 3058 ne
969 2979 1077 3062 sorte
1108 2993 1360 3088 putesenar-

85 3099 236 3190 ratum
272 3095 427 3191 animal
455 3110 691 3208 uarietatem
709 3105 883 3191 erinacei
903 3101 1109 3214 Europaei
1126 3105 1211 3190 eise.
1247 3103 1360 3220 Quin

88 3238 211 3343 quod
244 3232 342 3340 hic,
375 3237 417 3318 in
451 3238 607 3344 reliqua
641 3234 775 3318 Ruiira
808 3236 864 3318 sat
893 3235 1109 3344 copiosus,
1148 3251 1246 3314 eta
1296 3253 1365 3316 me

87 3383 263 3470 quoque
314 3386 387 3475 per
434 3368 558 3448 o'mne
609 3365 740 3447 adhuc
805 3359 1060 3462 Wurouecense
1114 3357 1360 3463 guberoium

83 3489 342 3596 obseruatus,
373 3487 444 3572 hic
464 3489 734 3600 Astrochaniae
765 3503 807 3567 et
838 3484 1046 3590 Zarizym
1077 3483 1220 3568 abhinc
1244 3483 1364 3592 plane

84 3613 257 3700 exulet.
338 3615 415 3702 Sed
460 3619 597 3702 nostro
649 3611 816 3700 animali
863 3611 987 3699 iidem
1037 3629 1175 3695 tamen
1227 3635 1366 3696 mores

79 3742 309 3828 solemnes.
346 3744 468 3848 sunt,
514 3746 586 3855 qui
627 3741 805 3850 uulgari.
901 3743 952 3829 ln
986 3741 1164 3824 eundern
1194 3738 1233 3822 se
1266 3741 1374 3824 irri-

77 3890 235 3958 tatum
285 3871 454 3976 globum
505 3892 700 3984 torquet,
745 3875 801 3954 ita
848 3868 885 3954 se
937 3870 1143 3958 defendere
1174 3884 1366 3974 tentans,

76 3999 182 4084 hoc
217 3998 259 4088 iu
291 4001 394 4084 ilum
424 4004 588 4118 penitus
620 3997 845 4088 immobile.
942 3995 1135 4083 Incedere
1185 3999 1396 4107 cupiens,-

77 4125 320 4233 elongntur
365 4135 521 4238 paritet
576 4154 751 4242 corpus,
805 4125 967 4236 pedibus
995 4125 1170 4231 iniistit,
1216 4127 1368 4211 currit-

79 4279 182 4367 que
230 4279 353 4366 aequa
404 4255 618 4344 uelocitate
667 4257 699 4342 fi
740 4279 820 4340 non
854 4258 1036 4360 maiore5
1069 4257 1212 4339 eodem
1244 4257 1366 4338 deni-

77 4404 183 4504 que
215 4384 332 4471 ticio
366 4388 535 4495 gaudet,
587 4389 724 4475 eadent
761 4380 835 4492 ipsr
867 4384 1108 4472 oeconomia
1140 4377 1367 4484 solemnis,
1401 4496 1407 4501 ᾖ

574 4591 579 4598 .
674 4513 805 4597 Vuu
841 4543 865 4598 2
1208 4507 1365 4615 hyeme
