4200 5617
764 353 858 558 ,ar
989 383 1804 570 ”nnscrrrrrours‘

759 693 1080 788 coronatorum
1129 696 1230 760 cum
1280 673 1485 782 artubus,-
1532 695 1575 763 ct
1605 677 1876 802 aliquousque
1909 694 2002 810 supra

760 809 962 909 caudam,
992 802 1135 890 uellere
1167 806 1286 912 albo,
1320 803 1442 891 molli
1484 807 1700 892 uestitum.

912 961 1161 1072 Longitudine
1190 963 1345 1050 animal
1380 983 1533 1051 torum
1555 987 1703 1078 aequat
1740 981 1787 1056 6.
1840 981 1933 1087 pull.
1971 1023 2000 1090 a

758 1095 840 1178 fere
874 1113 903 1190 9
939 1081 1078 1185 uncias
1110 1094 1321 1176 mensurae
1354 1092 1584 1202 parisium
1613 1101 1740 1208 capitt
1771 1125 1873 1188 cum
1901 1122 1996 1216 rosim

763 1191 842 1321 ssff.
882 1218 1025 1315 nyss,
1062 1239 1238 1331 aequat,
1269 1216 1476 1304 auriculae
1506 1219 1764 1328 longitudine
1820 1230 1897 1320 ιθ,
1917 1254 1998 1348 ·4¹‘'.

594 1395 597 1408 ·
757 1345 986 1437 latitudine.
1015 1346 1091 1435 ι’(
1130 1343 1227 1433 1‘s‘.
1257 1330 1383 1430 cauda
1416 1371 1498 1430 non
1531 1349 1659 1460 plus,
1689 1378 1821 1464 quam
1851 1365 1943 1462 711<

905 1509 1110 1596 omentum
1147 1512 1196 1596 ad
1247 1507 1562 1622 hypogastrium
1608 1517 1841 1624 descendit;
1887 1519 1998 1619 labris

491 1677 496 1684 ·
582 1680 592 1703 ·
757 1638 1072 1746 pinguedinosus
1116 1640 1322 1724 cardiacus
1370 1639 1612 1744 distinctus,
1661 1647 1890 1755 didymus,
1925 1663 1993 1766 epi.

755 1761 953 1872 galirium
987 1764 1156 1868 obtegit.
1224 1765 1471 1851 Ventriculus
1514 1769 1598 1851 sere
1645 1769 1864 1881 globosus,
1904 1785 1989 1895 supra

752 1879 929 1978 bicornis
960 1893 1190 2002 oesrplrago
1221 1894 1266 1975 in
1299 1895 1486 2010 medium
1520 1895 1703 2006 inserto,
1749 1923 1792 1988 ct
1842 1906 1987 2002 duodeno

752 2015 993 2104 dexteriore.
1039 2019 1265 2126 intestinum
1297 2046 1319 2103 a
1356 2020 1508 2133 pyloro
1539 2025 1590 2108 ad
1619 2051 1748 2114 anum
1784 2031 1856 2116 sub
1884 2050 1990 2149 aequa

751 2139 866 2246 bile,
912 2141 1093 2251 laxum,
1142 2145 1402 2254 longitudine
1456 2179 1496 2237 2.
1547 2155 1635 2262 ped.
1692 2165 1763 2241 10.
1813 2163 1988 2267 pollicum

753 2257 895 2382 Hepur
927 2275 1135 2360 mediocre
1162 2335 1198 2378 ,κ
1230 2273 1441 2389 tripartito
1473 2321 1492 2337 -
1533 2281 1768 2390 subseprem
1788 2286 1978 2380 -lobatun

754 2394 882 2503 Cystir
915 2397 1104 2508 iusignia,
1132 2421 1254 2488 ouata
1283 2406 1326 2487 in
1360 2405 1449 2489 finu
1484 2401 1676 2494 loborum
1710 2414 1984 2510 semirotundita

753 2517 884 2608 letter
915 2524 995 2610 suu
1029 2529 1306 2640 suboppofiti,
1346 2533 1490 2620 dexter
1536 2541 1683 2622 'tamen
1735 2540 1859 2652 paulo
1897 2551 1985 2638 altior

751 2651 800 2734 ad
833 2645 1002 2760 spinam.
1053 2655 1217 2743 Citoris
1265 2664 1441 2748 semime
1470 2662 1737 2772 sungiformis
1767 2671 1872 2757 intra
1901 2705 1988 2790 aper·

751 2791 886 2862 turam
921 2783 1092 2890 vaginae
1126 2789 1397 2898 prominula,
1430 2789 1622 2904 plicaque
1651 2791 1793 2884 lunata
1819 2809 1988 2894 cucullata

750 2899 949 2992 Pulmones
1002 2916 1227 3019 magusculi
1279 2920 1501 3030 &cundum
1548 2921 1871 3032 amplitudinem
1913 2937 1987 3021 inl·

750 3051 875 3142 gnem
903 3023 1139 3146 'thoracis3
1197 3041 1351 3142 sinister
1408 3049 1641 3154 indiuisus,
1697 3061 1833 3140 dexter
1881 3068 1985 3150 maior

751 3151 935 3282 lrilobus.
964 3165 1107 3276 ‘Cestae
1140 3167 1186 3252 in
1215 3159 1364 3260 sceleto
1402 3201 1476 3279 14.
1529 3180 1677 3263 caudae
1720 3187 1882 3273 articuli
1919 3197 1984 3278 tir·

747 3295 852 3361 citer
889 3316 959 3369 12.
1121 3311 1128 3335 ·’

900 3453 1051 3578 Corpus
1082 3462 1406 3570 pinguissimum.
1472 3473 1624 3562 Totius
1653 3477 1887 3568 animalculi
1915 3479 1989 3564 dor·

749 3571 842 3656 salia
872 3582 1082 3690 pinguedo
1113 3589 1300 3698 quintam
1336 3609 1666 3705 partem-totins
1709 3613 1889 3724 ponderis
1932 3633 1987 3690 ex·

750 3707 953 3812 aequabat.
1020 3715 1158 3817 (Vuc.
1194 3746 1230 3806 1.
1263 3721 1449 3814 drachm.
1483 3737 1572 3836 6.).
1645 3735 1852 3826 Praeterea
1895 3755 1992 3820 ποῦ·

684 3917 689 3925 ,
748 3825 840 3912 bilis
870 3837 958 3940 est,
1001 3840 1044 3928 in
1100 3843 1238 3931 uoslro
1285 3851 1440 3959 pariter
1486 3879 1529 3943 et
1578 3864 1743 3970 uulgari
1791 3869 1993 3967 Brimo,

749 3976 964 4066 apparatus
1014 3967 1231 4073 singularis
1270 3977 1565 4092 glandularunr,
1634 4017 1734 4101 quar
1786 3995 1991 4082 morarius

622 4099 628 4111 ·
747 4079 875 4167 forsan
926 4094 1134 4202 appellare
1182 4103 1314 4214 pollis.
1393 4113 1547 4200 Omnia
1597 4120 1749 4206 scilicet
1791 4116 1991 4222 animalia,

746 4229 847 4321 quae
878 4213 1037 4326 hyeme
1071 4242 1253 4340 torpent,
1284 4236 1350 4321 uti
1373 4239 1617 4355 Marmotae,
1649 4246 1833 4358 Citillus,
1858 4251 1993 4360 vescet·

748 4360 756 4377 ‘
882 4381 886 4393 v
1830 4376 1990 4480 tilionu,
