4200 5617
315 518 1155 641 commutentur.
1275 541 1372 660 4⁷³

271 744 776 858 cortorulum
827 737 1217 884 Qvnuunu.
1364 825 1378 868 ,

263 987 394 1076 Nulla
424 953 538 1078 enula
588 991 673 1091 est,
703 1008 776 1068 cur
824 1000 1016 1094 putemus
1061 986 1182 1072 nullo
1228 985 1510 1094 omniocmffl,
1552 1004 1583 1088 ι

118 1115 268 1226 spuri0,
298 1121 406 1231 quod
436 1121 602 1206 exiliere
643 1115 786 1224 potell,
818 1113 914 1201 licet
946 1138 1094 1201 uerum
1129 1119 1235 1201 intra
1266 1115 1438 1234 illudDe
1463 1113 1558 1232 ustu-

116 1269 201 1330 nou
230 1249 397 1352 existat,
427 1247 665 1349 embryones
697 1245 849 1328 nollros
881 1250 954 1330 luo
985 1264 1175 1357 tempore
1207 1216 1475 1327 indutoshulus
1502 1239 1585 1358 (ἴω,
1719 1342 1735 1364 „

112 1371 242 1461 futile.
344 1372 578 1485 Duplicitns
627 1372 739 1455 enim
787 1371 1062 1479 embryonum
1111 1397 1193 1459 non
1243 1331 1587 1518 magisffigf’

114 1525 240 1612 quum
276 1505 405 1587 rmnii
439 1505 529 1589 ueri
558 1500 732 1588 delectus
763 1497 987 1612 prohibet,
1015 1504 1239 1612 quominus
1275 1520 1429 1614 pro-os
1462 1523 1576 1592 amnis

111 1632 253 1740 prium
288 1631 403 1716 suum
436 1632 586 1744 cuique
617 1632 835 1738 rmbryoni
874 1631 1064 1716 omnium
1098 1633 1283 1741 spurium
1321 1621 1513 1740 exsflufim
1539 1633 1577 1694 θ*

113 1761 214 1844 illut.
281 1756 356 1843 Sed
391 1757 519 1870 plicae
548 1781 710 1872 quoquo
740 1778 784 1842 et
816 1783 940 1867 rugae
970 1775 1012 1844 et
1051 1756 1226 1869 laxitas,
1275 1719 1592 1892 quasdffln'o-

112 1889 221 1970 inter
274 1907 497 1999 utrumque
544 1871 819 1990 embryonem'
860 1887 904 1972 in
953 1887 1187 1972 membrana
1240 1846 1587 1998 virellifiumgffi,

109 2016 305 2100 interiori
339 2041 463 2128 neque
493 2041 538 2104 se
567 2017 766 2100 exteriori
796 2012 980 2114 obtinere
1011 2017 1227 2122 uidimus,
1257 2035 1379 2127 quus·

108 2144 495 2254 querelligiaelle
538 2146 680 2230 monui
712 2142 843 2228 amnii
876 2143 1003 2256 spurii
1037 2141 1236 2249 resoluti,
1285 2145 1380 2231 satit

103 2271 326 2378 indicant,
359 2270 437 2360 hoc
470 2275 542 2360 suo
573 2293 791 2385 tempore,
839 2271 905 2357 dio
955 2273 1083 2358 tertio
1132 2292 1286 2384 nempe
1335 2287 1379 2354 et

102 2421 259 2510 quarto
279 2403 494 2511 medioque
510 2405 654 2512 quinto
671 2427 750 2488 non
766 2401 946 2488 deluilse.
980 2401 1073 2486 Iam
1088 2424 1191 2487 vero
1214 2423 1268 2485 ex
1297 2401 1378 2486 litu

100 2530 345 2637 embryonis
395 2533 576 2642 rel‘peliu
627 2532 884 2616 membranae
925 2526 1060 2615 vitelli
1090 2529 1306 2614 exterioris
1335 2543 1379 2616 et

98 2660 316 2746 interioris
345 2658 464 2748 facile
495 2657 785 2767 intelligitur,
812 2658 1002 2742 amnium
1047 2657 1266 2765 spurium,
1314 2658 1380 2741 seu

98 2785 269 2874 bullam
322 2807 376 2870 ox
428 2789 664 2874 membrana
713 2785 898 2874 interiori
946 2786 1060 2872 circs
1106 2785 1381 2890 embryonem

96 2913 231 3000 aliter
261 2917 433 3010 formari
466 2939 547 3002 nou
580 2915 722 3024 polle,
754 2911 829 2997 nifi
869 2933 920 3000 ut
969 2909 1117 2998 similis
1166 2911 1278 2999 bulla
1327 2936 1381 3001 ex

99 3044 352 3128 membrana
383 3043 577 3130 exteriori
609 3039 732 3124 fimul
781 3043 1021 3146 formetur,
1070 3065 1170 3152 quae
1214 3040 1262 3128 ab
1307 3041 1381 3131 illu

95 3172 244 3284 priori
277 3168 521 3258 includatur.
585 3169 706 3256 Dum
755 3171 868 3257 enim
921 3170 1127 3278 interior,
1173 3195 1275 3281 quur
1325 3189 1381 3258 ex

98 3302 308 3388 intestinis
356 3301 524 3404 oritur,
575 3297 667 3382 inde
713 3299 820 3382 circa
871 3299 1145 3405 embryonem
1201 3295 1380 3383 reflecti·

99 3444 237 3533 tur,
285 3444 335 3510 ut
400 3425 553 3513 bullam
619 3427 850 3539 producat,
915 3423 1011 3510 lieri
1077 3450 1159 3511 non
1220 3427 1380 3538 potest,

96 3553 218 3666 quin
252 3555 469 3662 exterior,
498 3577 599 3663 quae
627 3577 680 3640 ex
716 3574 809 3638 cute
839 3553 1066 3640 abdominis
1105 3555 1239 3640 oritur
1269 3557 1381 3642 indes

93 3702 194 3792 que
241 3685 449 3768 continuo.
507 3682 695 3768 interiori
752 3683 985 3790 incumbit„
1053 3702 1123 3766 tut
1186 3683 1381 3794 impediat
1478 3668 1482 3677 ’

92 3810 239 3896 huius
274 3810 538 3897 reflexionem
575 3813 679 3896 circa
734 3813 888 3896 foetum
937 3827 1008 3894 aut
1054 3811 1171 3898 cedat
1215 3812 1380 3916 eidem,

92 3942 292 4052 adeoque
326 3943 425 4048 eius
445 3939 613 4028 dullum
652 3940 866 4052 sequntur,
916 3934 1191 4050 similemque
1221 3939 1382 4028 bullum

91 4066 354 4154 interiorem
406 4070 602 4178 producat
621 4098 648 4174 ς·
680 4094 758 4179 qua
809 4071 910 4156 folin
962 4066 1061 4160 haec
1112 4070 1418 4178 membrana,

92 4195 318 4306 continuo
347 4197 534 4282 interiori
553 4195 755 4306 ,pomllela
786 4217 829 4288 et
858 4195 1083 4310 conformis
1111 4219 1209 4281 cum
1241 4199 1379 4316 erdem

90 4347 245 4438 porro
275 4348 348 4438 per
379 4325 559 4411 areolam
594 4323 853 4438 pellucidum,
883 4346 1101 4436 areamque
1132 4325 1379 4413 uasculosam

175 4449 731 4545 Tom.X1V.Nou.Comm.
921 4453 1051 4542 Ono
1264 4471 1378 4540 nnn·
