4200 5617
250 656 259 667 -
331 596 699 700 curarum
762 580 1037 702 cauus
1155 632 1317 721 ,4η

78 859 123 921 ne
152 829 408 941 dignissimae.
507 832 686 941 Rostrum
716 831 1025 941 cartilagineum
1069 835 1175 951 apici
1228 841 1318 929 offis

76 964 150 1050 nasi
178 982 217 1046 et
249 962 425 1071 margini
457 968 686 1078 superiori,
736 951 886 1049 ollium
930 966 1045 1051 rostri
1094 962 1317 1077 adhaeret,

73 1096 176 1205 septo
204 1093 351 1177 mobili
383 1081 638 1197 orffilirno,
670 1089 880 1205 bipartito.
966 1093 1047 1183 Sub
1077 1117 1170 1203 cute
1201 1102 1320 1211 capi·

72 1224 121 1305 tis
150 1212 353 1308 musculus
382 1222 438 1304 sat
466 1220 582 1303 fortis
624 1219 904 1326 subcutaneus,
950 1249 1124 1312 omnem
1176 1228 1320 1337 capitis

69 1367 197 1437 cutem
229 1352 428 1455 vestiens,
474 1346 698 1457 superficiei
729 1348 929 1463 superiori
974 1352 1122 1439 offium
1168 1354 1318 1463 rostri,

69 1476 176 1589 uad,
224 1458 441 1603 dongolio,
487 1496 529 1561 et
567 1483 729 1563 suturae
761 1476 934 1586 sagittali
961 1479 1107 1569 ollium
1139 1474 1320 1593 parieta·

69 1602 202 1715 lium,
232 1628 307 1690 ncc
340 1627 423 1689 non
454 1608 649 1714 processui
687 1608 959 1715 zygomatico
989 1607 1082 1695 offis
1127 1608 1318 1701 maxilla-

69 1736 118 1817 ris
145 1734 365 1822 adhaerenn
445 1728 551 1818 Cute
581 1734 728 1845 capitis
767 1733 916 1820 sublata
965 1733 1316 1848 inconspectum

69 1866 173 1949 uenit
201 1862 382 1971 musanus
409 1860 660 1973 crasl‘rssrmus
692 1858 937 1971 oblongus„
960 1860 1212 1982 proboscidem
1242 1891 1316 1952 ex·

69 1992 222 2076 laudm
254 1988 476 2075 lateraliter
509 1982 759 2100 marginibus
788 1989 934 2077 offium
969 1990 1088 2076 rostri
1118 2010 1161 2075 et
1195 1980 1334 2103 pulli·¹

69 2140 105 2199 :e
138 2116 310 2204 ambitui
341 2114 559 2202 foraminis
598 2117 739 2227 magni
784 2116 874 2205 offis
925 2118 1153 2205 maxillaris
1198 2118 1320 2235 supe·

69 2246 181 2329 :ioris
208 2247 410 2350 insertus3
459 2243 680 2333 'buccinator
710 2262 753 2329 et
780 2245 992 2334 ascensores
1022 2246 1205 2333 aunum
1255 2268 1336 2345 ter

69 2398 188 2481 rues,
238 2372 417 2480 margini
468 2372 647 2461 inferiori
694 2374 897 2487 processus
941 2374 1195 2483 zygomatici
1226 2376 1319 2465 offi·

69 2499 284 2591 maxillaris
310 2512 358 2588 'et
389 2500 616 2611 superficiei
655 2502 840 2589 inseriori
887 2502 1032 2587 oisrum
1083 2501 1204 2590 rostri
1242 2495 1335 2591 ad·'

69 2636 299 2735 merentes,
321 2626 535 2736 [mafflter
582 2631 777 2720 omnium
825 2628 1103 2729 fortissimus,
1147 2652 1318 2720 omnem

69 2762 289 2868 narginem
339 2756 579 2847 inferiorem
626 2782 740 2845 arcus
787 2758 1045 2865 zygomatici
1093 2746 1139 2845 et
1186 2776 1319 2847 totam

70 2885 310 2999 uperficiem
340 2904 559 2972 externam
608 2881 803 2970 maxillae
854 2884 1054 2970 inferioris
1100 2886 1320 2996 obtegens;

71 3012 295 3129 roraphyres
328 3009 544 3098 latissimus
575 3011 753 3098 ambitui
769 3005 773 3015 ’
792 3007 912 3095 misae
961 3017 1247 3119 zygomaticae
1294 3037 1319 3101 a

72 3142 232 3231 aocess‘u
265 3142 530 3251 nygomatico
559 3142 650 3229 ossrs
682 3137 920 3249 temporalis
948 3141 998 3225 ad
1032 3164 1078 3227 os
1110 3141 1321 3251 unguicu-

72 3297 139 3355 rre
167 3294 295 3384 usque
327 3268 575 3378 adhaerens,
622 3286 668 3355 et
706 3261 840 3351 totam
867 3266 1030 3350 'focum
1081 3268 1321 3377 zygomati·

73 3420 150 3481 am
179 3381 414 3509 occupans,
443 3396 669 3503 obtegendo
699 3414 860 3504 partem
891 3391 1194 3482 descendentem
1227 3394 1321 3483 offis

73 3520 239 3611 ’ontalin
284 3548 331 3609 ac
380 3520 634 3631 superficiem
680 3538 812 3607 totam
867 3536 911 3603 ct
965 3520 1058 3609 offis
1118 3522 1317 3634 parietalis

74 3679 81 3739 τ
120 3655 263 3763 partis
284 3650 514 3759 squamosas
552 3636 644 3738 ossis
695 3645 962 3761 temporalier
1010 3650 1181 3735 matum
1229 3654 1318 3739 eius

75 3781 241 3865 aterius
290 3780 472 3889 procedit
518 3778 636 3890 supra
683 3799 827 3861 arcum
877 3779 1225 3889 zygomaticum,
1272 3799 1317 3867 et

75 3914 247 3996 rseritut
294 3910 430 4012 spinae
465 3903 692 4023 superficiei
743 3904 962 3990 exterioris
1009 3908 1203 3995 maxillae
1250 3908 1350 3995 in·„

78 4039 248 4145 rioris3
276 4036 450 4125 stratum
481 4044 689 4128 internum
720 4036 810 4147 post
840 4056 983 4119 arcum
1001 4040 1319 4146 zygomaticum

77 4168 295 4253 scisuram·
330 4163 621 4275 semiluparem
674 4160 865 4279 maxillae
919 4165 1129 4253 inferioris
1179 4168 1318 4277 petit,

77 4296 292 4412 ariterque
320 4290 361 4417 sl
390 4320 435 4387 ac
466 4292 666 4418 apophysi
713 4293 980 4384 coronnideae
1018 4295 1217 4386 adhaeres

581 4638 585 4645 .
657 4548 859 4670 flhha
1220 4530 1318 4667 &a
