4200 5617
651 534 709 597 aa
828 490 1302 620 nuqvtsmouas
1334 464 1745 599 numeneus.
1768 435 1792 449 ⁶
1839 504 1878 526 ··

796 730 844 827 st
876 738 997 823 vaira
1027 730 1348 819 confideratetur
1379 756 1512 845 urna,
1546 714 1800 849 permaneret
1830 745 1920 829 vei·

651 888 729 985 que
761 869 804 949 in
836 864 908 951 illa
942 867 1053 951 idem
1104 865 1329 949 constanter
1380 859 1579 955 numerus
1627 868 1913 955 schedularum

653 1000 868 1104 albaram,
899 996 1010 1108 quod
1042 994 1175 1104 ipsum
1195 993 1348 1104 pariter
1364 996 1512 1082 solutio
1530 998 1724 1106 generalis
1749 1001 1913 1085 indicae

802 1258 838 1357 §.
878 1283 944 1344 12.
980 1254 1073 1341 Iam
1105 1249 1272 1361 propius
1300 1250 1348 1336 ad
1367 1252 1408 1336 id
1440 1253 1608 1359 accedo,
1640 1256 1747 1366 quod
1767 1256 1918 1366 potissi·

652 1406 781 1471 mum
812 1382 1085 1468 constitutum
1134 1378 1325 1464 habebam
1373 1402 1523 1488 nempe
1569 1404 1618 1467 vt
1665 1410 1741 1494 pro
1791 1388 1919 1473 tribus

656 1514 772 1602 urnis
800 1512 1053 1597 ostenderem
1084 1507 1433 1619 quemadmodum
1466 1508 1569 1591 istud
1602 1514 1816 1619 negotium
1838 1539 1919 1623 ope

654 1639 803 1725 calculi
835 1636 1145 1725 infinitesrmalis
1178 1632 1324 1721 confici
1360 1633 1513 1749 pouit,
1573 1637 1604 1721 si
1654 1641 1919 1751 quampluri·

654 1792 748 1855 mae
781 1769 859 1853 sint
890 1768 1103 1857 schedulae
1133 1753 1362 1878 saepiusque
1404 1767 1721 1875 permutationes
1769 1772 1921 1855 suerint

652 1896 851 2011 repetitae
916 1900 975 1985 ita
1040 1915 1095 1983 vt·
1140 1896 1301 1980 numeri
1345 1920 1370 1978 n
1418 1910 1461 1978 et
1510 1920 1533 1979 r
1582 1896 1715 1981 ueluti
1766 1898 1921 1985 infiniti

654 2027 805 2113 censeri
839 2028 1016 2137 pussant,
1046 2023 1278 2111 cuiusmodi
1310 2046 1481 2108 examen
1514 2026 1683 2110 fecimus
1715 2048 1792 2135 pro
1818 2030 1920 2111 dua·

654 2154 727 2259 bus
759 2155 937 2261 eruis§.
973 2158 1004 2261 §.
1039 2181 1073 2257 4
1103 2172 1146 2239 et
1184 2170 1232 2257 5,
1263 2149 1367 2235 hanc
1395 2148 1718 2261 disquisitionem
1752 2172 1921 2266 atraque

650 2280 857 2369 methodo
875 2282 1070 2392 ,analyfi
1102 2306 1252 2390 nempe
1282 2283 1497 2375 communi
1536 2302 1656 2392 atque
1706 2280 1922 2369 infinitefi

655 2406 757 2495 mali
789 2414 968 2527 faciam,
998 2430 1048 2499 vt
1097 2412 1236 2497 rursus
1284 2408 1489 2498 consensus
1541 2411 1648 2495 inter
1697 2432 1925 2579 utrumque

658 2540 862 2629 elucescat

783 2828 851 2929 Si
882 2836 1192 2947 slatimsermo
1222 2828 1277 2917 srt
1304 2831 1360 2917 de
1391 2854 1495 2923 vrna
1544 2842 1716 2949 prima,
1760 2832 1929 2922 habebi·
1956 2904 1959 2907 .
2092 2899 2093 2902 Ν

657 2992 784 3077 mus,
814 2974 858 3061 vi
892 2965 1157 3081 paragraphi
1183 2961 1319 3071 noni,
1371 2985 1593 3065 numerum
1641 2966 1923 3054 schedularum

657 3095 886 3183 albarum
875 3122 918 3182 tn
951 3096 1025 3183 illa
1058 3110 1360 3192 contentarum,
1391 3110 1548 3177 mutata
1581 3097 1774 3207 tantisper
1789 3096 1926 3178 forma

660 3223 929 3334 neglectisque
987 3218 1191 3309 terminis
1256 3220 1509 3388 negligendis
1569 3223 1627 3307 ita
1690 3216 1924 3339 expressum

777 3328 1849 3481 ²)(1÷*--÷———⁶-⁶÷erc)

809 3669 883 3761 Est
914 3692 1017 3757 vero
1048 3690 1123 3782 per
1134 3593 1458 3783 paragraphum
1492 3685 1684 3780 quartum
1715 3666 1926 3777 quantitas

671 3856 677 3863 1
1063 3820 1085 3877 1

657 3910 688 4019 4(
721 3940 741 3997 ι
770 3946 814 3969 ·-
836 3913 859 4013 ᾖ
880 3902 924 4013 )'
943 3930 999 4007 τ,-
1019 3916 1125 4073 εξ,
1174 3925 1275 4015 quae
1328 3902 1449 4015 proin
1494 3902 1695 4015 quantitas
1740 3903 1924 3991 substitui

661 4100 823 4213 potest3
880 4093 1141 4209 postmodum
1196 4096 1282 4207 pari
1334 4090 1528 4181 methodo
1573 4094 1737 4183 definiri
1795 4096 1924 4206 potest

661 4250 862 4325 numerus
887 4224 1166 4315 schedularum
1196 4222 1423 4311 albarum
1410 4250 1455 4311 ιιι
1506 4234 1609 4313 urna
1659 4231 1930 4464 secuqqqiqqq
