4200 5617
711 567 828 655 ‘834
1053 538 1163 629 DE
1224 531 1683 632 PRI'NCIPIIS

733 757 935 866 indaginis
978 757 1198 844 iudicanda.
1266 754 1441 842 Interim
1476 773 1616 841 tamen
1644 751 1716 839 hic
1762 753 1983 867 exemplant

743 889 941 974 eiusmodi
974 885 1095 972 fluuii
1129 887 1364 992 cernimus,
1399 869 1525 968 'culus
1576 881 1756 990 ungulae
1790 888 1982 994 particulae

747 1040 866 1106 motu
903 1019 1154 1105 horizontali
1176 1017 1450 1128 proferuntur,
1479 1037 1656 1124 quarum
1676 1033 1825 1098 autem
1847 1017 1982 1102 diretiin

737 1173 864 1254 aeque
913 1173 957 1231 ac
1010 1144 1194 1230 celeritas
1243 1163 1449 1254 utcunque
1504 1143 1584 1226 fint
1632 1138 1859 1228 variabiles
1918 1149 1980 1231 lluc

737 1297 990 1363 tamennon
1031 1276 1209 1360 obllante
1249 1271 1397 1381 ptcssin
1441 1269 1647 1381 ubiquea
1691 1271 1775 1359 sola
1831 1275 1982 1383 pendebit

739 1407 1015 1517 profunditate
1061 1403 1206 1488 eodem
1263 1400 1382 1510 plane
1445 1401 1601 1505 modo,
1646 1427 1693 1486 ac
1745 1395 1777 1484 t
1840 1400 1981 1490 fluidum

739 1537 949 1642 stagnaret.
1016 1528 1129 1617 Cum
1166 1551 1303 1615 autem
1341 1529 1421 1614 hoe
1458 1533 1546 1616 casu
1587 1527 1637 1613 fit
1672 1557 1817 1644 'uzo
1865 1531 1927 1614 liet
1966 1561 1981 1616 s

740 1665 899 1750 fundtio
959 1687 1217 1774 quaecunque
1267 1659 1418 1743 harum
1489 1663 1667 1746 duarum
1736 1663 1978 1770 quantitatum

741 1785 923 1924 (ἓξ-ξ)
958 1790 1336 1902 etz‚s1cqueiu
1388 1788 1532 1876 eodem
1586 1787 1716 1900 plano
1760 1788 1979 1876 horizontai

745 1959 985 2050 quocunque
1034 1929 1179 2021 eadem
1231 1933 1472 2043 reperietur
1521 1937 1564 2018 iu
1613 1933 1798 2016 omnibus
1847 1936 1979 2045 puniit

744 2073 812 2154 ubi
842 2065 974 2196 {e}
1003 2063 1184 2148 eiusdem
1219 2063 1298 2145 erit
1333 2063 1516 2169 valoris,
1546 2060 1624 2145 hnc
1656 2063 1712 2149 est
1745 2064 1787 2146 in
1830 2065 1977 2149 omnibns

749 2215 869 2302 lincis
904 2213 1023 2298 reete
1058 2213 1106 2296 ad
1137 2234 1258 2294 axem
1306 2212 1392 2298 ΟΑ
1446 2213 1645 2298 inclinatis
1697 2211 1851 2321 angulo
1896 2215 1978 2298 cuius

751 2363 916 2453 tangens
948 2328 1052 2469 z}
1083 2363 1183 2450 quae
1213 2362 1315 2450 ergo
1347 2346 1522 2429 intense
1558 2361 1677 2425 erant
1714 2341 1932 2454 parallelae:
1951 2365 1978 2426 et

748 2513 892 2577 omnes
926 2486 1042 2574 fluidi
1079 2492 1298 2602 particulae
1322 2497 1365 2579 in
1401 2495 1471 2580 tali
1504 2495 1611 2582 retia
1646 2493 1742 2579 litae
1780 2497 1865 2608 pati
1894 2517 1977 2580 motu

747 2621 963 2707 fetentur:
996 2643 1125 2729 neque
1161 2646 1263 2706 tero
1292 2619 1508 2709 secundum
1546 2621 1648 2709 hanc
1689 2625 1820 2736 ipsam
1867 2627 1978 2713 neuen

753 2749 1106 2864 progredientur,
1153 2773 1250 2834 cum
1304 2751 1438 2863 polito
1490 2755 1550 2837 l':
1581 2771 1700 2842 tzur
1751 2775 1797 2842 et
1830 2757 1978 2844 Actu

750 2883 839 2964 eius
864 2874 1093 2964 celeritates
1126 2877 1207 2963 fint
1237 2881 1394 2968 suturae
1425 2897 1682 2981 uzue†nr
1722 2905 1768 2972 et
1795 2885 1980 2974 n:sa÷n

750 3009 860 3094 unde
897 3007 1064 3117 quidem
1101 3007 1326 3098 celeritates
1357 3030 1481 3097 erunt
1513 3012 1710 3125 aequales,
1743 3017 1801 3102 sed
1829 3017 1981 3104 dircdliu

751 3158 819 3224 nes
847 3133 896 3219 ab
931 3134 1002 3220 illa
1036 3137 1143 3224 resta
1177 3159 1385 3252 utcunque
1417 3139 1688 3255 declinabunt,
1717 3144 1786 3230 niti
1812 3145 1860 3230 fit
1881 3167 1981 3229 usn:

751 3259 849 3348 aad.
918 3262 1038 3347 Dum
1070 3267 1200 3373 igitur
1231 3268 1312 3360 hoc
1346 3274 1472 3358 modo
1502 3272 1551 3356 ab
1585 3277 1655 3360 ista
1684 3277 1777 3362 reda
1807 3275 1847 3357 in
1873 3273 1982 3358 allant

752 3389 824 3475 libl
861 3387 1100 3498 parallelam
1142 3407 1463 3506 transumatur,
1494 3403 1561 3487 nbi
1597 3403 1679 3490 alia
1724 3403 1872 3490 dabitur
1919 3423 1981 3488 tant

753 3519 935 3606 celeritas
969 3546 1095 3631 quam
1129 3527 1333 3634 directio,
1365 3534 1529 3619 euidens
1560 3537 1616 3620 est
1650 3533 1741 3620 fieri
1788 3531 1919 3647 pulle,
1951 3547 1978 3612 tl

753 3647 915 3756 lingula
961 3647 1078 3736 fluidi
1110 3653 1310 3744 elementa
1344 3663 1386 3745 in
1419 3655 1538 3746 lineis
1570 3668 1710 3766 curuis
1742 3685 1862 3751 motu
1893 3663 1982 3746 mati·

754 3802 822 3862 rue
869 3777 1108 3892 inaequabili
1158 3788 1399 3876 deferantur.
1480 3791 1596 3881 Vnde
1654 3795 1789 3881 fivia
1836 3795 1986 3906 cuiusque

757 3905 982 4015 particulae
1016 3910 1060 3992 in
1110 3909 1231 4021 plano
1281 3916 1530 4006 horizontali
1578 3925 1629 4013 fit
1674 3923 1901 4014 delinienda
1937 3940 1986 4032 nqt

643 4057 648 4064 ·
756 4034 1007 4144 aequationis
1049 4040 1160 4125 inter
1190 4043 1300 4130 binas
1353 4053 1607 4139 coordinatus
1651 4079 1685 4138 x
1715 4073 1761 4140 tt
1776 4049 1990 4162 y,'ubl·l

754 4159 896 4274 :dal
910 4171 1453 4287 ne-l-mletdyzdtlsse
1475 4195 1521 4278 ÷
1538 4178 1586 4296 n)
1617 4181 1878 4272 eliminando
1902 4183 1936 4266 dt
1959 4175 1995 4260 fit

758 4283 1501 4410 aleae-edy)÷ndx-mdy30,
1541 4313 1645 4430 Quia
1681 4339 1788 4400 tero
1821 4317 1895 4402 hic
1927 4333 1996 4421 plu·

755 4415 928 4505 litnditas
964 4446 991 4505 z
1024 4427 1164 4514 eadem
1199 4453 1336 4519 manet
1368 4437 1446 4524 erit
1479 4465 1504 4520 e
1537 4441 1693 4533 {undio
1733 4445 1871 4564 iplius
1907 4439 1997 4571 Ἠ
