4200 5617
1048 208 1060 250 Ι

1043 261 1057 284 s
1075 262 1080 273 .

639 520 738 608 420
976 486 1251 589 srannx
1314 464 1572 579 novvu

737 748 740 755 ·
796 718 989 815 abdomen
1019 720 1291 809 laxiusculum
1323 719 1461 807 breue.
1534 710 1675 834 rupo
1705 704 1923 834 quadrilo-

627 838 778 962 ³bnm3
811 855 893 941 lobi
925 854 1010 939 duo
1037 856 1260 940 anteriores
1281 850 1302 957 ,
1323 852 1406 937 duo
1440 848 1703 961 posteriores,
1741 852 1923 936 ιιιιιενὶον

638 986 784 1077 dexter
833 983 1032 1066 omnium
1081 984 1328 1097 maximus,
1393 973 1758 1088 hypochondrium
1809 980 1922 1064 dex·

646 1132 767 1197 trum
799 1127 840 1192 et
858 1110 1137 1222 ''epigastrium
1168 1129 1398 1220 occupans,
1452 1107 1675 1215 ligamento
1707 1111 1792 1195 lato
1841 1130 1918 1222 per

644 1235 902 1355 superficiem
934 1239 1181 1349 superiorem
1216 1255 1449 1321 accurrente
1491 1236 1797 1348 diaphragmati
1846 1263 1918 1323 an·

640 1392 806 1473 nexus,
838 1364 1016 1473 bifidus,
1049 1368 1157 1453 inter
1188 1361 1380 1450 fissuram.
1401 1362 1597 1471 nestoriam
1617 1366 1802 1474 sedeam,
1836 1388 1918 1475 py·

643 1499 860 1583 risorrnem
892 1520 1094 1607 paruam,
1134 1494 1330 1609 profisnde
1360 1494 1408 1576 ad
1440 1492 1548 1579 dorii
1583 1497 1742 1606 spinam
1776 1492 1915 1601 fitam,

644 1627 772 1711 ductu
807 1621 1060 1712 choledocho
1088 1626 1282 1735 proxime
1315 1622 1400 1731 post
1431 1622 1632 1731 pylorum
1664 1624 1710 1706 in
1760 1623 1914 1709 inteiii-
2027 1670 2028 1721 ι

645 1779 750 1839 num
772 1746 970 1849 ‚hiantem
1005 1754 1230 1863 recipiens,
1279 1752 1451 1835 anterior
1468 1750 1621 1857 fimfler
1651 1752 1801 1836 dextro
1833 1751 1913 1835 sii·

643 1867 1047 1993 quantum'minor,
1079 1884 1269 1989 integer,
1302 1874 1665 1990 hypochondrium
1700 1878 1903 1964 finistrnm

642 2010 835 2123 replens,
868 2005 1091 2096 ventriculi
1122 2011 1248 2097 funde
1279 2006 1546 2113 incumbens,
1587 2007 1775 2123 posterior
1817 2008 1909 2094 dex·

641 2144 709 2227 ,ter'
740 2135 986 2250 bipartitus,
1036 2135 1184 2224 lobulis
1216 2123 1353 2248 paruis
1390 2137 1622 2223 'rotundato
1639 2188 1660 2209 ·
1677 2137 1911 2246 angulatis,

644 2264 834 2354 inferiore
862 2263 1041 2353 concauo
1071 2260 1113 2353 et
1143 2268 1250 2352 renis
1298 2254 1433 2350 dextri
1482 2268 1738 2381 extremitati
1788 2270 1912 2379 supe·

644 2395 751 2479 riori
786 2396 1046 2484 incumbente
1075 2422 1120 2487 ac
1151 2390 1382 2505 ligamento
1414 2392 1635 2504 hepstico·
1655 2396 1784 2481 renaii
1838 2420 1911 2480 an·

644 2546 796 2639 nexo;
837 2525 1038 2641 posterior⁴
1053 2522 1205 2643 stnifler
1245 2524 1402 2622 iterum
1453 2522 1708 2635 bipertitus,-
1763 2522 1911 2611 lobulis

643 2651 839 2741 omnium
874 2652 1098 2761 minimis,
1151 2651 1374 2755 ventriculi
1405 2654 1514 2741 arcui
1546 2654 1702 2741 minori
1733 2674 1911 2741 concauo

641 2774 956 2867 adhaerentibus.
1054 2779 1150 2870 Lien
1201 2782 1311 2869 arcui
1364 2780 1514 2867 maiori
1566 2782 1785 2871 uentriculi
1834 2808 1910 2895 per

642 2915 887 2993 omentum
912 2908 1166 3019 adhaerens,
1216 2910 1378 2997 linearis
1425 2911 1525 3011 fere
1550 2930 1595 2998 et
1625 2889 1909 3021 tenuiffimus,

499 3140 503 3148 1
642 3017 1001 3145 longitudinisrg.
1035 3039 1137 3160 poli.
1184 3036 1333 3122 coloris
1380 3038 1613 3128 rubicundi
1695 3038 1899 3150 Ponerear,

640 3161 748 3245 inter
780 3166 940 3277 spinam
972 3165 1152 3255 dorstet
1187 3167 1406 3255 ventriculi
1462 3168 1721 3281 superficiem
1764 3170 1884 3281 ponc·

560 3352 572 3367 ,
635 3286 827 3400 riorem,
873 3293 1151 3398 cylindricum
1202 3298 1318 3402 fere,
1370 3297 1654 3386 intestinulum
1699 3304 1896 3407 referens,

640 3356 955 3527 ιιιιιειιιιιιιιιει
1003 3421 1051 3506 sd
1107 3420 1346 3515 intestinum
1395 3428 1590 3549 proxime
1621 3430 1673 3517 ad
1703 3425 1904 3541 pyiorum

637 3544 886 3654 decurrens,
920 3545 1118 3659 pollicem
1152 3546 1389 3658 longum.
1443 3544 1646 3648 omentum
1679 3561 1727 3645 ab
1758 3554 1908 3677 hepate

595 3676 681 3758 'et
714 3673 820 3761 liene
848 3677 896 3761 ad
929 3674 1190 3789 superficiem
1225 3649 1491 3794 posteriorem
1528 3685 1751 3775 uentriculi
1808 3713 1909 3799 pro·
2026 3709 2027 3760 ι

637 3805 834 3911 ueniens,
861 3806 976 3915 arcui
999 3808 1161 3909 maiori
1194 3818 1381 3903 connexo
1411 3817 1637 3905 uentriculi
1667 3814 1904 3943 adhaerens,

635 3865 949 4043 conuolutum,
978 3935 1101 4021 breue
1133 3930 1206 4025 ne'c
1239 3936 1421 4031 intestina
1452 3934 1712 4059 obtegens,
1713 3950 1782 4036 ιιι
1815 3947 1908 4033 aii·

637 4055 736 4165 quid
771 4059 901 4171 adipis
933 4066 1163 4163 continens
1190 4068 1472 4161 Ventriculus
1503 4099 1659 4167 ouato-
1669 4072 1908 4184 inchruus,

638 4185 1009 4297 membranaceus,
1052 4196 1184 4280 cardia
1222 4198 1384 4303 angusta
1416 4199 1593 4291 defluens
1625 4208 1908 4295 sinistrorsum

632 4309 683 4399 in
714 4314 889 4478 fundum
920 4254 1112 4413 obthsum
1142 4322 1191 4413 ad
1243 4324 1513 4521 diaphragma
1558 4356 1603 4423 et
1653 4334 1914 4453 hypothen-

776 4514 802 4529 .
1166 4463 1186 4537 t
1760 4466 1911 4558 driurn
