4200 5617
700 465 795 565 tet
1007 428 1257 572 o'vvu
1299 434 1666 540 stupuere

491 713 654 787 Annium
798 706 816 822 p
866 681 1061 790 Adeoque
1090 676 1267 767 exterius
1299 692 1343 760 et
1357 673 1529 760 ruitum
1546 669 1779 782 embrynnis
1808 667 1979 764 inuolu-

492 812 704 886 verumeius·
714 835 841 894 crum
877 810 1100 924 proprium
1132 810 1319 894 amnium
1355 829 1506 892 uerum
1524 803 1596 908 est,
1626 807 1738 916 quod
1762 806 1975 894 continua·

494 937 563 1011 ‘1¹¹⁶
590 929 706 986 Μ’
718 961 808 1027 tum
833 963 893 1023 ex
936 937 1100 1028 orificio
1148 934 1374 1027 umbilicali
1425 933 1665 1020 abdominis
1688 953 1731 1018 et
1778 933 1972 1022 reflexum

490 1015 629 1112 bryonis
667 1009 821 1168 slcirca
867 1070 1181 1174 embryonem,
1224 1062 1480 1150 vesiculam
1532 1065 1696 1171 refert,
1744 1063 1855 1146 mbae
1899 1065 1970 1148 fert

709 1198 990 1308 magnitudine
1024 1195 1102 1280 hoc
1135 1186 1322 1307 tempore
1367 1213 1410 1278 et
1457 1189 1623 1300 figura,
1671 1213 1839 1278 tenuem
1885 1194 1969 1302 pel·

637 1423 642 1434 ,
707 1325 909 1432 lucidam,
932 1324 1063 1410 siurdo
1079 1321 1292 1433 repletam
1327 1322 1417 1410 Hbc
1433 1323 1622 1426 amptum
1641 1347 1741 1410 cum
1758 1320 1968 1427 embryont

706 1457 779 1542 suo
808 1460 915 1542 inter
947 1475 1142 1565 utrasque
1172 1452 1310 1540 uitelli
1361 1451 1611 1539 membranas
1655 1453 1803 1538 haeret
1853 1451 1967 1558 adeo,

706 1604 757 1670 ut
788 1584 976 1672 interiori
1009 1583 1249 1689 incumbat,
1290 1586 1532 1694 soneamque
1578 1584 1623 1666 in
1655 1608 1701 1668 ea
1748 1580 1966 1692 producat,

707 1715 982 1823 magnitudini
1014 1731 1058 1794 et
1090 1712 1250 1820 figurae
1283 1714 1413 1798 amnii
1445 1730 1487 1798 et
1503 1708 1703 1797 restruite
1719 1708 1966 1819 umbilicaiis,

705 1867 809 1953 quae
861 1841 1079 1948 tmbtyoni
1127 1843 1277 1927 adnexa
1328 1841 1414 1948 esi,
1474 1841 1824 1955 respondentem,
1873 1840 1964 1925 satia

588 2030 593 2040 .
710 1971 988 2082 profundam,
1018 1971 1121 2052 dnm
1154 1971 1336 2054 exterior
1383 1972 1515 2054 tenuis
1561 1970 1700 2057 vitelli
1749 1967 1962 2054 membrana

715 2102 900 2200 reddet
934 2100 1040 2182 tensa
1071 2099 1189 2204 super
1229 2100 1419 2184 amnium
1468 2097 1641 2207 tranfit3
1692 2102 1885 2205 idemque
1930 2099 1966 2180 in

568 2291 580 2326 ,.
713 2227 779 2312 sua
829 2225 1041 2336 superficie
1085 2227 1284 2340 superiori
1335 2225 1478 2334 tangit.
1546 2228 1608 2337 In
1656 2225 1735 2319 boc
1786 2227 1858 2309 suo
1899 2221 1965 2308 situ

586 2423 603 2430 ..
711 2357 898 2440 amnium
931 2379 1025 2438 cum
1060 2355 1287 2460 embryone
1318 2356 1528 2440 detinetur
1559 2357 1710 2468 partim
1747 2351 1967 2440 membrum

711 2481 849 2570 uitelli
881 2486 1110 2588 exteriori,
1141 2470 1270 2593 quae,
1303 2483 1402 2568 licet
1434 2485 1580 2570 rmnio
1629 2511 1716 2572 nnn
1769 2481 1966 2570 adhaereat

712 2617 819 2702 tensa
853 2629 997 2710 tamenv
1026 2611 1132 2696 illud
1165 2613 1351 2696 insuam
1387 2617 1547 2717 foueam
1576 2615 1795 2726 deprimit,
1827 2616 1966 2723 pattitn

709 2743 926 2848 interiori,
957 2765 1073 2852 quaex
1090 2765 1142 2824 ex
1181 2741 1377 2826 intestinis
1424 2743 1662 2848 embryonis
1686 2746 1969 2845 Xcontinuatur.

712 2869 825 2958 Cum
859 2874 1041 2955 exterior
1093 2867 1347 2956 membrana·
1379 2868 1512 2954 uitelli
1563 2874 1732 2979 perfecie
1777 2871 1971 2982 pellucidae

713 3000 797 3106 sit,
828 3000 1015 3084 atnnium
1052 2998 1094 3080 iu
1132 2998 1310 3101 vitello,
1344 2994 1440 3081 licet
1473 3000 1655 3109 integro,
1679 3001 1785 3118 quast
1817 3002 1972 3084 nudum

712 3129 775 3215 sed
809 3123 943 3208 fixum
978 3127 1019 3210 in
1050 3132 1122 3210 suo
1156 3124 1234 3211 sttu
1287 3143 1464 3238 apparet.
1517 3127 1599 3214 Vbi
1647 3157 1689 3216 ea
1736 3129 1970 3212 membrana

714 3273 989 3354 remouetur,
1020 3252 1206 3336 amnium
1244 3255 1396 3340 mobile
1429 3253 1638 3360 redditur,
1665 3277 1712 3342 rt
1739 3254 1837 3338 hinc
1871 3255 1973 3337 inde

715 3381 834 3467 uolui
868 3379 1011 3489 pnsstt,
1043 3382 1139 3466 litet
1173 3381 1361 3466 interiori
1395 3386 1651 3472 membranae
1675 3407 1882 3470 annexum
1913 3381 1975 3467 stt

504 3663 664 3744 vefieuld
870 3632 1058 3720 Vestcula
1089 3639 1263 3748 denique
1295 3637 1550 3728 umbilicalie
1580 3665 1663 3728 una
1703 3665 1801 3730 tum
1844 3645 1974 3730 amnio

503 3765 709 3844 umbilicalis.
721 3763 826 3850 inter
873 3783 1065 3876 utrasque
1116 3767 1369 3851 membranas
1418 3769 1555 3856 uitelli
1605 3775 1877 3876 continetur;
1934 3777 1973 3855 in

719 3896 936 4002 eademque
984 3919 1079 3979 cum
1134 3897 1214 3980 illo
1245 3897 1359 3978 souen
1389 3893 1461 3979 stta
1493 3899 1560 3982 est.
1611 3901 1815 3990 Exterior
1847 3923 1971 3987 mem·

717 4019 836 4104 brana
871 4023 1097 4130 superficiei
1129 4026 1217 4106 eius
1248 4023 1443 4131 superiori
1477 4025 1683 4116 adhaeret.
1718 4034 1816 4118 Ab
1807 4053 1968 4116 rutenon

719 4167 855 4232 autem
891 4171 931 4234 et
963 4156 1010 4234 ab
1051 4155 1193 4235 amnio
1226 4153 1387 4269 prorsus
1422 4151 1543 4240 libera
1579 4158 1668 4259 est,
1702 4164 1869 4274 solique
1895 4185 1968 4244 tm·

719 4275 868 4384 bryoui
920 4281 1183 4387 adnectitur,
1224 4262 1325 4362 dum
1382 4285 1470 4366 eius
1519 4287 1741 4430 produtiio
1793 4293 2029 4404 quaedam

1938 4435 1973 4500 tt
2028 4408 2029 4467 t
