4200 5617
678 543 771 624 262
833 520 1155 634 COMMENT·
1189 511 1814 613 unuslcoulucuatuca

671 755 978 873 rumlpeiiione
1010 753 1360 868 pertrastanrlum
1393 749 1544 838 scilicet
1579 773 1688 838 nunc·
1718 752 1944 868 inquiram,

675 893 776 1004 quid
807 891 998 976 futurum
1027 884 1096 991 lit,
1128 881 1360 998 lipotautia
1392 879 1548 992 puosto
1575 879 1855 998 Cappiieata,
1873 880 1942 966 ob·

678 1021 793 1133 liqua
823 1020 947 1105 luerit
978 1017 1030 1098 ad
1062 1013 1223 1122 aretem
1258 1007 1339 1099 BC
1372 1009 1440 1096 iub
1468 1010 1622 1117 angulo
1653 1011 1792 1100 Aen
1838 1031 1941 1096 cou-

551 1157 554 1160 ’
683 1151 833 1236 llaotm
862 1149 1020 1230 eodem.
1086 1128 1237 1227 Erunt
1258 1134 1415 1224 lottalse
1444 1139 1517 1247 qui
1553 1157 1730 1250 putent,
1762 1137 1948 1252 potenti·

680 1303 753 1362 am
801 1274 1011 1382 obliquam
1059 1265 1303 1381 impliciter
1335 1269 1378 1352 io
1407 1266 1505 1350 duat
1542 1266 1729 1354 laterales
1766 1269 1846 1353 elle
1879 1289 1946 1352 re·

679 1403 953 1504 soluendam,
981 1398 1153 1484 alteram
1187 1394 1560 1511 perpendicularem
1589 1400 1637 1482 ad
1655 1394 1744 1507 BC,
1775 1397 1947 1483 alteram

681 1529 963 1629 inductioni
998 1526 1174 1638 positam
1204 1547 1303 1615 cum
1339 1521 1453 1623 BC,
1483 1539 1663 1632 tuncque
1713 1531 1801 1610 fore
1834 1527 1949 1632 prio·

682 1681 803 1763 rem,
835 1658 881 1742 ui
913 1649 1158 1767 paragraphi
1197 1636 1956 1784 10ui2QJELQAEds

688 1810 813 1900 atque
843 1789 1014 1875 alteram
1048 1793 1278 1910 potentiam·
1305 1797 1406 1907 :fi
1474 1798 1679 1906 legitima
1705 1797 1804 1886 llaec
1834 1799 1949 1884 foret

663 1905 955 2005 'Ptolemaeo
982 1918 1148 2026 lolutio,
1180 1921 1211 2008 fi
1242 1926 1288 2009 in
1314 1927 1560 2032 aestimanda
1590 1925 1771 2018 stilliana
1793 1927 1953 2014 liceret

684 2039 890 2162 principio
918 2047 1231 2158 compofirioois
1254 2069 1302 2160 et
1333 2055 1592 2157 resolutionis
1620 2075 1760 2144 motus
1789 2057 1875 2162 uti,
1909 2054 1951 2142 id
2050 2061 2051 2074 '

661 2196 835 2284 ‘autem
859 2199 956 2257 cum
989 2179 1165 2281 minime
1197 2179 1352 2290 liceat,
1397 2186 1492 2274 diro
1539 2203 1635 2274 ante
1680 2184 1822 2273 omnia
1871 2207 1950 2296 pro

688 2301 858 2412 fingulis
891 2303 1029 2408 virgae
1061 2303 1152 2392 AB
1192 2307 1406 2401 elementis
1455 2331 1623 2418 motum
1670 2313 1949 2407 deliniendum

687 2431 764 2540 elie
804 2427 1034 2516 absolutum
1063 2435 1234 2549 eiusque
1261 2441 1565 2550 diremionem,
1596 2442 1689 2528 inde
1709 2445 1837 2530 euim
1879 2440 1951 2529 ha·

687 2559 850 2646 habitur
883 2558 1086 2670 anestia,
1118 2567 1339 2654 secundum
1369 2593 1496 2681 quam
1541 2569 1805 2668 elementum
1857 2595 1951 2682 pro·
2050 2613 2051 2688 l

660 2683 875 2802 ,politum
902 2685 1139 2779 stratonem
1170 2695 1352 2807 patitur3
1378 2702 1462 2788 etit
1491 2699 1745 2812 utiqueilla
1773 2697 1950 2788 direliio
2050 2721 2051 2764 l

685 2814 769 2902 alia
799 2839 880 2925 pro
908 2814 1080 2924 ungulis
1119 2818 1348 2912 elonentis.
1411 2829 1482 2916 sic
1533 2853 1612 2939 pto
1655 2833 1809 2942 quouis
1859 2828 1951 2918 ele·

688 2963 837 3030 mento
869 2943 1085 3030 innotescit
1110 2950 1313 3038 {fictionis
1353 2955 1581 3066 potentiola
1627 2957 1835 3048 elemento
1874 2985 1950 3072 ap·

689 3072 869 3184 plicata3
901 3065 1019 3158 Haec
1047 3077 1222 3166 demum
1254 3077 1479 3194 potentiola
1510 3089 1592 3204 erit·
1626 3087 1853 3189 resolueoda
1879 3091 1947 3172 io·

687 3201 788 3284 duas
817 3199 1035 3308 laterales,
1067 3201 1238 3294 alteram
1271 3212 1315 3295 in
1349 3212 1430 3324 ipla
1460 3212 1680 3330 alireiiione
1717 3219 1807 3308 AB
1839 3216 1947 3302 alte-

692 3349 785 3411 ram
816 3323 869 3408 ad
902 3323 989 3412 AB
1021 3333 1425 3452 perpendicularem
1456 3349 1617 3430 lamma
1648 3347 1811 3465 primae
1846 3341 1950 3450 clar

693 3451 747 3540 fis
777 3454 967 3541 indicabit
1000 3459 1230 3570 potentiam
1262 3493 1369 3582 quae
1401 3474 1445 3558 io
1476 3475 1701 3562 diroiiioue
1738 3473 1827 3568 ΑΒ
1866 3475 1953 3582 agit

692 3600 736 3667 et
766 3582 930 3669 summa
960 3591 1155 3676 omnium
1203 3619 1515 3690 momentorum
1565 3607 1753 3692 secundae
1803 3601 1952 3716 daus,

693 3709 726 3799 fi
760 3712 986 3801 referantur
1014 3717 1064 3802 ad
1097 3719 1299 3826 putie‘ium
1330 3725 1377 3812 D
1407 3732 1488 3818 erit
1516 3733 1693 3844 aequalis
1736 3757 1953 3824 momento

696 3843 903 3951 potentiae
934 3865 1040 3950 quae
1068 3843 1461 3958 perpendiculariter
1489 3865 1541 3950 ad
1576 3857 1656 3950 Ac
1685 3867 1819 3976 ragit3
1844 3866 1955 3952 Hae·

695 3994 777 4078 que
810 3965 981 4051 tandum
1015 3972 1119 4058 duae
1148 3984 1409 4092 aequationea
1439 3988 1673 4106 indicabunt
1708 3993 1954 4081 relationem

696 4095 894 4178 omnium
925 4101 1202 4204 quantitatum
1231 4114 1505 4220 quaestionem
1537 4118 1714 4208 nollrlm
1754 4121 1958 4211 determi-

697 4222 906 4328 nantium,
935 4223 968 4308 fi
1005 4231 1130 4317 modo
1159 4239 1361 4350 pontium
1377 4245 1730 4341 conuertentem
1762 4249 1956 4369 legitime

691 4347 920 4440 definitum
950 4355 1089 4446 filerit.
1407 4382 1412 4392 ·
1605 4383 1610 4396 ·
1708 4413 1713 4422 ·
1843 4435 1850 4450 .

1836 4507 1956 4601 Patet
