4200 5617
523 576 524 579 ‘
555 532 677 643 ”tte
709 534 725 635 l
756 564 785 625 0
815 540 835 645 l
864 531 981 643 eu«
1332 562 1392 640 aa

125 756 397 847 lollieltanttt‘
426 774 469 846 et
499 760 720 848 celeritates
750 766 894 871 quibus
926 761 1192 873 quodcunque
1218 761 1399 849 elemen-

137 909 234 973 tum
270 888 384 975 fluidi
420 891 637 973 secundnm
677 908 807 975 ternas
853 888 1091 975 directiones
1134 890 1242 975 fixas
1292 896 1399 980 inter

136 1020 174 1103 se
209 1018 418 1102 normales
450 1015 869 1129 mouetur,quaes1
919 1020 965 1104 ad
1015 1016 1189 1126 quoduis
1239 1040 1403 1128 tempus

137 1146 325 1253 affignari
361 1146 550 1255 possunt,
582 1150 774 1257 quicquid
805 1150 885 1231 fere
917 1147 964 1231 ad
1006 1165 1142 1230 motus
1174 1144 1403 1231 fluidorum

140 1276 417 1381 cognitionem
451 1274 628 1387 pertinet
661 1276 893 1361 innotescet.
959 1274 1060 1361 Hele
1094 1293 1232 1359 autem
1265 1275 1401 1374 mani·

136 1402 227 1487 iella
260 1401 296 1483 se
328 1407 462 1513 prodit
492 1404 714 1491 differentia
744 1410 852 1491 inter
886 1418 1050 1487 motum
1083 1400 1312 1487 fluidorum
1361 1416 1403 1487 et

137 1556 364 1639 corporum
397 1532 645 1635 solidorum,
674 1533 1020 1640 quemadmodum
1054 1535 1168 1615 enim
1203 1533 1246 1615 in
1273 1529 1405 1614 solidis

134 1659 310 1747 sufficiat
343 1662 476 1745 trium
510 1660 756 1771 punitorum
789 1687 869 1745 non
905 1659 946 1742 in
981 1659 1183 1745 dirtiium
1230 1658 1434 1743 fiturum-

138 1810 307 1873 motum
337 1786 614 1875 determinalle
650 1812 725 1898 pro
758 1789 1000 1876 inueniendo
1034 1809 1156 1874 motu
1187 1792 1406 1891 omnium,

139 1918 197 2001 ita
215 1943 267 2003 ex
285 1918 452 2003 aduerso
485 1922 526 2000 in
560 1916 710 2022 fluidis,
741 1916 911 2027 singulis
943 1916 1162 2003 elementis
1191 1916 1406 2031 peculiaris

139 2044 265 2129 inelle
299 2050 426 2155 potest
461 2065 650 2153 motus‚·
675 2048 775 2131 adeo
802 2067 852 2132 ut
897 2068 1110 2159 praecepta
1158 2072 1237 2157 pro
1284 2064 1406 2131 motu

139 2173 368 2259 solidorum
413 2176 507 2260 heic
557 2198 816 2287 nequaquam
863 2174 1066 2287 applicari
1112 2176 1271 2287 posunt.
1355 2173 1406 2259 ln

140 2300 312 2411 reliquis
343 2304 391 2386 ad
448 2302 524 2389 hoc
575 2325 696 2415 caput
745 2304 1034 2414 pertinentibus
1088 2300 1408 2412 problematibus

143 2429 345 2532 docetur,
379 2434 581 2535 quomodo
607 2424 712 2517 datis
742 2429 1044 2539 celeritatibus,
1076 2436 1223 2541 quibus
1253 2454 1406 2517 unum·

143 2558 355 2669 quodque.
389 2554 503 2639 fluidi
557 2561 811 2663 elementum
866 2581 1109 2664 mouetur,
1171 2557 1410 2667 inuestigar‘t

143 2706 331 2795 queant,
351 2682 577 2788 'translqtio
607 2689 882 2798 euiusiunque
914 2689 1140 2773 moleculae
1158 2687 1279 2770 huius
1294 2684 1411 2770 fluidi

60 2876 64 2884 -
146 2814 403 2926 tempusculo
436 2813 597 2899 infinite
638 2840 799 2926 paruo,
849 2817 1021 2901 variatio
1069 2841 1172 2924 quae
1221 2816 1315 2900 inde
1364 2814 1410 2898 iu

144 2944 383 3030 dealitatem
417 2943 590 3027 infertur
622 2963 663 3027 et
694 2946 776 3052 ipsa
809 2944 1080 3051 acceleratio,
1108 2964 1153 3029 et
1181 2944 1230 3027 de
1260 2941 1411 3029 ultima

147 3074 312 3183 quidem
348 3072 386 3155 id
420 3074 592 3155 omnino
626 3092 770 3156 notatu
819 3076 995 3178 dignum
1046 3075 1256 3179 occurrit,
1304 3067 1414 3180 quod

147 3199 366 3319 celeritatis
396 3200 641 3286 incrementa
672 3203 893 3286 secundum
941 3201 1165 3311 quamlibet
1216 3196 1411 3284 ditedlio·

150 3356 243 3416 nem
275 3356 298 3414 a
328 3330 432 3415 binis
463 3328 627 3443 reliquis
660 3332 931 3416 celeritatibus
963 3331 1191 3441 pendeant,
1224 3329 1331 3413 secus
1362 3346 1409 3410 ac

149 3456 194 3541 in
230 3458 416 3563 corporis
447 3460 582 3543 solidis
615 3459 704 3542 fieri
737 3458 868 3561 solet,
900 3463 942 3540 in
978 3458 1043 3565 bis
1074 3463 1185 3543 enim
1220 3456 1252 3540 fi
1302 3453 1409 3543 cele·

150 3584 251 3669 ritas
285 3585 505 3668 {erundum
540 3604 815 3699 quameunque
839 3580 1112 3673 ,diredliunem
1143 3584 1295 3669 dicatur
1345 3606 1408 3691 u,

151 3730 338 3821 tempore
380 3732 453 3815 per
502 3726 521 3789 t
568 3706 806 3813 defignato‚
858 3708 1090 3793 acceleratio
1136 3712 1292 3822 semper
1339 3735 1410 3819 per

153 3842 259 3925 banc
289 3828 508 3921 formulam
544 3821 642 3967 (gl-2²)
673 3836 942 3945 exprimetur.
1028 3836 1077 3921 ln
1099 3830 1259 3943 strando
1290 3835 1413 3922 huius

152 3990 338 4077 fritionis
372 3986 503 4095 capite
537 3988 739 4097 principia
772 3987 1025 4097 explicantur
1073 4012 1214 4073 motus
1261 3987 1415 4074 fluido·

155 4140 251 4205 turn
283 4141 306 4199 a
341 4118 497 4199 uiribus
545 4116 844 4226 quibuscunque
892 4114 1219 4202 sollicitatotum.
1315 4118 1416 4202 Hele

156 4244 357 4330 nimirum
391 4248 590 4351 docetur,
623 4246 830 4357 quomodo
879 4246 979 4329 datis
1028 4246 1185 4331 uiribus
1233 4248 1417 4355 corporis

158 4372 484 4478 sollicitantibus,
517 4400 598 4459 non
632 4372 761 4463 solum
792 4375 901 4459 uires
931 4376 1022 4461 eius
1055 4374 1419 4468 acceleratticessed

219 4488 771 4595 Tom.XlV.Nou.Comm.
949 4528 1009 4594 'e
1254 4504 1417 4596 ›etiam
