4200 5617
309 553 579 654 Morus
643 551 1153 654 ruvvnonvnr.
1275 585 1366 676 ,ῃ

106 791 293 886 lantibus
315 810 356 878 et
376 795 501 879 ternis
533 794 725 906 cuiusque
753 791 947 879 elementi
979 789 1248 880 celeritatibus
1277 817 1375 906 quae

113 928 146 1012 fi
180 928 229 1009 ad
261 925 439 1036 quoduis
474 945 635 1036 tempus
667 922 857 1031 aflignare
889 922 1128 1035 valeamus,
1158 924 1375 1040 perfectam

114 1055 242 1140 totius
277 1075 416 1140 motus
451 1055 728 1162 cognitionem
761 1051 1014 1139 habebimus.

497 1269 814 1391 Coroll.
903 1313 954 1394 2.

266 1533 308 1610 a·-
359 1504 480 1590 Vires
526 1502 725 1614 quidem,
765 1502 909 1612 quibus
959 1497 1139 1588 fluidum
1185 1494 1380 1590 sollicitass

110 1661 186 1732 tur
217 1643 375 1750 semper
406 1634 522 1718 vltro
552 1633 731 1733 dantur,
775 1655 905 1743 neque
938 1629 1042 1740 ipsae
1074 1657 1096 1716 a
1128 1653 1248 1718 motu
1278 1657 1381 1744 pen·

107 1777 241 1859 dent:
288 1769 349 1852 ita
381 1759 537 1848 etiamsi
573 1779 712 1845 motus
744 1758 795 1844 fit
827 1761 1058 1867 incognitus
1088 1763 1200 1843 vires
1234 1763 1275 1858 P,
1306 1759 1378 1872 Q,

108 1905 152 1990 R
186 1897 327 2008 quibus
358 1888 521 2000 singula·
550 1890 752 1985 elementa
781 1890 1036 1986 incitantur,
1071 1886 1177 1968 inter
1210 1889 1375 1998 quanti-

105 2048 214 2114 tates
243 2022 426 2127 cognitas
457 2018 547 2099 sunt
578 2013 838 2121 referendae,
888 2031 1008 2122 atque
1041 2033 1094 2094 ex
1148 2015 1200 2096 iia
1229 2014 1379 2130 potillr·¹
1526 1997 1532 2008 ’

107 2177 239 2243 mum
271 2146 426 2261 reliqua
453 2144 586 2255 capita
618 2141 1006 2231 determinationem
1038 2142 1334 2246 nanciscuntur.

507 2363 827 2486 Coroll.
913 2410 961 2520 ς.

265 2615 311 2692 4„
360 2587 534 2704 Quando
583 2589 765 2676 fluidum
812 2592 866 2677 efl
916 2589 1240 2699 homogeneum‚
1273 2588 1379 2673 eiur-

103 2725 194 2829 q'ue
226 2718 397 2806 denfitas
431 2718 539 2803 nulli
573 2720 790 2806 variationi
822 2722 1018 2828 obnoxia,
1058 2720 1186 2806 etiam
1210 2718 1382 2830 quanti·

103 2862 167 2930 tas
200 2868 227 2958 q
259 2851 340 2931 erit
372 2849 494 2952 data,
542 2841 600 2925 fin
635 2865 773 2930 autem
807 2845 860 2929 fit
890 2847 975 2931 fiue
1020 2845 1380 2952 heterogeneum,

100 2973 197 3060 fiue
216 2976 418 3086 quaelibet
452 2973 647 3086 particula
679 2972 916 3062 denlitatem
949 2973 1091 3060 habeat
1124 2973 1381 3081 variabilem,

99 3108 286 3190 omnino
316 3102 575 3192 necessarium
605 3102 692 3212 est,
725 3124 772 3190 vt
803 3104 976 3189 durante
1012 3119 1132 3190 motu
1165 3129 1242 3212 pro
1274 3127 1381 3213 quo-

101 3235 178 3315 vis
214 3229 437 3341 punitoZ
477 3228 700 3348 particulae
737 3231 792 3320 ibi
848 3236 1043 3320 versantia
1092 3227 1261 3334 denfitas
1308 3233 1379 3319 in·

103 3358 344 3470 vestigetur.
933 3389 937 3399 ·
1065 3388 1069 3401 ¹

503 3532 821 3652 Coroll.
908 3523 974 3692 ⁹4.

271 3767 310 3849 5.
352 3751 458 3836 Tota
491 3779 590 3862 ergo
623 3754 778 3841 theoria
831 3773 968 3848 motus
1005 3753 1241 3846 ‘fluidorum
1293 3753 1376 3852 hue·
1463 3795 1471 3818 a

98 3874 256 3980 redit,
311 3895 361 3961 vt
395 3905 471 3990 pro
513 3885 602 3968 data
634 3885 749 3968 fluidi
780 3901 923 3968 natura
957 3907 999 3970 et
1032 3889 1190 3972 viribus
1222 3885 1376 3972 sollici·

99 4009 322 4111 rantibus,
373 4011 618 4119 quantitates
650 4041 688 4123 q,
714 4030 756 4125 p,
788 4039 827 4120 u,
861 4039 905 4118 v,
936 4015 1289 4119 «adeliniantur,·
1332 4037 1377 4097 ac

95 4161 184 4248 per
221 4153 410 4252 quatuor⁴
429 4143 639 4226 variabiles
672 4168 714 4248 x,
729 4171 781 4246 y,
810 4168 837 4226 z
870 4163 911 4227 tt
946 4163 964 4228 ι
1004 4148 1060 4230 ita
1091 4149 1379 4258 exprimantur

97 4279 156 4349 vt
191 4286 336 4347 earum
364 4266 521 4350 valores
553 4289 636 4354 tarn
674 4296 750 4382 pro
781 4274 925 4382 quouis
959 4276 1113 4387 puncto
1163 4271 1204 4366 Z
1248 4295 1376 4385 quam

95 4390 263 4506 quouis
295 4410 480 4510 ternpore
513 4416 532 4480 t
563 4398 746 4510 albgnari
779 4420 939 4512 queant.
1051 4495 1056 4504 ,
1319 4395 1323 4400 γ’

165 4541 738 4697 vonmvmoncomn.
932 4575 981 4666 Μ
999 4601 1046 4660 m
1148 4524 1157 4540 ’
1249 4575 1378 4674 seno
1465 4593 1471 4602 ·
