4200 5617
347 518 614 681 uorvs
681 588 1181 682 acutuouvu
1303 616 1394 703 asa

144 841 191 903 te
221 836 262 904 et
291 818 339 902 ab
386 823 691 927 aequationibus
739 818 878 903 noslris
931 824 1156 925 generatim
1211 832 1400 937 separare.

140 948 271 1035 Cuius
304 942 564 1033 incommodi.
596 946 707 1033 causa
740 952 951 1056 praecipue
981 972 1022 1031 ln
1051 978 1102 1031 eo
1120 952 1245 1058 posita
1286 958 1406 1039 vide·

142 1098 245 1176 tur,
277 1076 386 1182 quod
419 1076 667 1178 celeritates,
700 1075 844 1186 quibus
882 1074 1038 1181 singula
1074 1078 1185 1160 fluidi
1221 1080 1403 1167 elemen-
1456 1074 1460 1081 ’

143 1224 186 1287 ta
207 1222 439 1306 mouentur,
473 1208 520 1289 ad
555 1206 668 1315 l'patii
698 1202 848 1316 punda
891 1207 1188 1311 restrinximus,
1223 1211 1404 1319 quando·

138 1337 308 1444 quidem
340 1335 579 1443 quantitates
610 1357 726 1437 u,u,
753 1348 795 1414 et
851 1357 891 1416 ru
942 1354 1137 1443 perpetuu
1189 1338 1236 1419 ad
1291 1340 1401 1421 idem

141 1460 345 1573 partun-n
397 1457 436 1545 Z
489 1464 750 1563 reseruntur,
798 1479 842 1543 et
889 1467 1034 1571 quouis
1090 1481 1275 1573 tempure
1316 1466 1401 1548 eius

139 1590 396 1699 particulae,
428 1582 599 1695 quaein
635 1583 673 1672 Z
706 1588 915 1692 versatur,
948 1609 1113 1673 motum
1163 1594 1399 1677 declarant,

139 1724 184 1801 in
218 1744 302 1827 quo
333 1717 498 1820 negotio
528 1720 577 1802 ad
618 1717 858 1801 ulteriorem
910 1716 1164 1827 progressum
1214 1722 1400 1804 eiusdem

143 1845 369 1957 particulae
402 1868 482 1927 nou
516 1847 693 1951 amplius
725 1843 970 1951 respicimus.
1037 1842 1149 1928 Cutn
1184 1848 1315 1952 igitur
1358 1851 1401 1929 in

141 1975 325 2085 pluribus
360 1973 650 2081 quaestionibus
684 1971 828 2054 trecesse
862 1969 911 2052 sit
943 1973 1136 2081 cuiusque
1179 1976 1401 2085 particulae

144 2122 311 2186 motum
343 2099 538 2185 continuo
569 2099 786 2209 prosequi,
819 2099 947 2183 veluti
980 2097 1011 2182 st
1048 2122 1186 2184 motus
1228 2100 1404 2186 undula·

144 2232 278 2313 torius
309 2246 349 2311 et
380 2226 490 2336 quasa
524 2229 767 2314 vibratorius
800 2231 853 2312 est
889 2230 1215 2336 inuestigandus,
1263 2232 1404 2315 eadem

145 2379 285 2441 motus
330 2358 527 2468 principia
575 2358 622 2440 ad
675 2357 752 2441 hoc
802 2354 1036 2443 institutum
1092 2360 1404 2441 accommodare

139 2486 331 2572 conabor.
395 2484 492 2598 Quo
509 2483 627 2595 pado
676 2486 716 2567 id
768 2486 974 2570 commodi
1018 2484 1301 2594 assequemur,
1353 2499 1402 2569 ut

140 2615 307 2701 litterae
337 2611 559 2725 peculiares
593 2614 866 2701 celeritatibus
897 2611 1150 2719 designandis
1182 2598 1403 2699 insesuicn-

138 2764 204 2827 tes
235 2770 290 2831 ex
304 2741 463 2828 calculo
479 2742 682 2827 elidantur
713 2764 855 2825 urum
888 2764 991 2823 vero
1023 2736 1118 2825 loco
1135 2740 1239 2827 aliae
1273 2742 1405 2825 varia-

136 2875 243 2957 biles
272 2890 393 2969 erunt
425 2873 746 2971 introducendae,
775 2891 877 2976 quae
909 2866 1023 2951 fluidi
1059 2870 1206 2953 statum
1240 2868 1287 2951 ad
1320 2892 1407 2953 cer·

138 3022 239 3087 tum
272 3021 433 3110 tempus
467 3000 566 3082 inse
596 2994 934 3106 compledantur.
969 2993 1019 3080 In
1053 2997 1235 3102 sequente
1268 2999 1402 3109 itaque

130 3130 274 3245 capite
307 3128 407 3216 hanc
439 3125 791 3235 inuestigationem
838 3127 929 3210 sum
969 3120 1227 3238 suscepturus.
