4200 5617
304 531 1145 644 cnrueuuleuuru.
1261 558 1356 646 ιτς

111 791 159 856 ex
190 767 436 866 membranis,
485 765 619 861 vitelli
669 769 805 867 omnia
850 770 1025 862 formata
1071 761 1183 865 iuiffe
1231 765 1361 878 priori

106 897 178 986 illo
210 917 432 1013 tempore,
481 901 832 1012 quemadmodum
866 892 1084 988 corollario
1112 896 1362 1008 praecedenti

105 1029 248 1114 uelum
282 1030 357 1124 effe
388 1029 600 1132 uidimus,-
631 1045 717 1116 tota
753 1029 849 1117 haee
879 1050 973 1142 pars
1023 1025 1359 1131 membranarum

104 1159 374 1268 intermedia,
405 1161 449 1244 in
486 1153 705 1252 formandis
751 1157 817 1244 his
856 1159 1039 1260 amniis,
1090 1154 1236 1266 qulbus
1285 1157 1362 1254 vix

102 1271 511 1399 sufficit,'c0nlnmta
543 1286 653 1378 erit:
685 1289 821 1374 amnia
862 1291 1073 1398 utriusque
1123 1283 1365 1390 embrionis

104 1415 250 1526 ubique
296 1417 541 1521 contingent
600 1417 777 1524 spatium
838 1419 1008 1506 nrallum'
1068 1413 1366 1504 intermedium

98 1546 265 1652 rellabil,
293 1548 471 1655 adeoque
503 1545 677 1630 omnino
707 1547 951 1660 impodibile
979 1544 1078 1651 erit,
1110 1563 1159 1629 vt
1180 1541 1367 1636 distinna
1425 1592 1429 1599 ·

97 1673 143 1756 in
173 1669 247 1758 hoc
288 1676 380 1760 loco
424 1673 556 1757 areola
603 1673 807 1784 pellucido
855 1680 1065 1765 formetur.
1144 1669 1366 1778 Caeterum

104 1802 384 1910 magnitudine
412 1819 455 1887 et
488 1797 621 1909 figura
652 1820 790 1892 tamen
823 1806 883 1892 ita
921 1815 1203 1913 comparatam
1255 1795 1368 1890 suiffe

98 1932 292 2022 existimo
343 1933 509 2020 unicam
565 1929 672 2017 hanc
721 1932 900 2020 areolam
962 1951 1270 2029 communem,
1316 1937 1369 2022 ut

93 2043 308 2168 duplicem
344 2061 386 2144 in
420 2081 546 2143 unam
578 2061 893 2167 confluentum,
941 2057 1097 2172 duplici
1146 2049 1368 2159 embryoni

65 2211 407 2304 ,communem
436 2186 550 2276 facile
582 2194 739 2279 referat.
805 2192 952 2310 Quum
984 2191 1122 2298 figura
1168 2182 1364 2286 areolae·

91 2339 203 2423 quae
236 2319 394 2428 semper
430 2317 669 2466 embrponis
713 2321 975 2436 peripherire
1017 2318 1245 2405 conformis
1273 2311 1364 2433 eli,

87 2443 271 2552 oblonga
317 2446 410 2531 inde
457 2444 535 2540 else
581 2448 732 2566 soleat,
801 2453 886 2538 liae
935 2447 1136 2560 superiori
1183 2441 1365 2545 obtuso,

88 2571 287 2657 inferiori
320 2589 444 2659 acuto
478 2579 725 2684 terminata;
758 2579 887 2683 haec,
934 2577 1011 2660 nili
1057 2570 1365 2684 quadrilatera,

85 2701 176 2787 vix
194 2702 269 2796 else
302 2704 452 2812 potuit,
485 2702 777 2818 queemagie
807 2711 856 2799 de
882 2703 963 2798 'hac
980 2729 1024 2790 re
1042 2703 1243 2815 persuasus
1261 2699 1369 2800 sum,

84 2853 201 2921 curn
236 2829 415 2928 fimilem
445 2836 722 2922 conditionem
755 2840 801 2921 iu
833 2834 1058 2940 embryone
1094 2833 1365 2940 bicor-porco,
1411 2864 1414 2883 ·

84 2959 219 3047 cuius
252 2957 295 3060 ip
326 2962 876 3074 ¹superioribus.mentionem
908 2961 1014 3072 feci,
1044 2961 1131 3054 iam
1169 2958 1366 3048 uiderim.

254 3210 320 3315 Sic
372 3241 504 3302 unum
540 3219 582 3303 io
616 3217 696 3312 boe
740 3245 828 3310 ouo
875 3220 1066 3310 albumen
1112 3239 1369 3329 commuue,

94 3360 219 3427 vnue
246 3341 419 3432 ,vitellus
449 3352 714 3456 communis,
745 3375 827 3440 una
859 3373 952 3462 area
1000 3349 1203 3436 uasculosa
1246 3367 1367 3430 com-

88 3471 272 3572 munis,
298 3495 401 3583 quae
434 3477 596 3562 tandem
630 3479 714 3562 iam
749 3477 896 3586 incipit
928 3475 1086 3584 aliquas
1116 3472 1369 3588 duplicitatis
1465 3510 1468 3517 ⁴

75 3613 221 3682 notar
254 3602 298 3682 in
326 3599 605 3698 distributione
638 3609 832 3696 uasorum
872 3605 1373 3713 ostendere3uuap011⁰

76 3726 178 3812 suo
213 3743 418 3838 tempore,
444 3730 507 3826 sed
537 3734 684 3839 maior,
718 3755 759 3821 et
789 3735 899 3847 quali
931 3757 985 3820 ex
1001 3732 1371 3827 duabuseonunens

80 3855 244 3950 areola
280 3854 510 3970 pellucidr;
537 3863 713 3975 denique
743 3867 936 3950 amnium
967 3864 1167 3976 spurium,
1197 3879 1242 3949 et
1260 3861 1373 3975 'quod

78 3981 205 4067 loco
251 3989 339 4068 veri
392 3991 479 4095 eli,
528 3990 708 4100 duplex,
754 3997 816 4080 sed
842 4012 1016 4084 'tamem
1045 4010 1095 4077 ut
1130 4010 1274 4105 puto,
1321 3989 1376 4076 ob

78 4111 336 4215 anguillam
372 4113 504 4227 spatii,
535 4119 666 4206 adhuc
697 4122 926 4210 cohaerens.
990 4117 1373 4229 liminio-taudem

77 4240 290 4358 perfecte
321 4244 503 4362 duplex,
538 4251 710 4365 perfecie
746 4253 956 4364 separatur
1065 4265 1068 4270 ’
1143 4281 1146 4288 ·

678 4505 869 4596 0002
1202 4459 1218 4467 ”
1288 4499 1377 4593 nn
