4200 5617
609 540 617 555 .
673 516 790 625 loo
947 606 952 613 ,
1035 478 1195 583 mus
1258 467 1612 583 svcnrcr:
1674 426 1678 437 ’

699 720 979 839 Praeterlrpm
1007 724 1081 813 sex·
1109 746 1132 811 a
1165 718 1430 837 conceptione
1456 712 1696 829 septimanis
1744 709 1861 829 parit
1906 720 1965 806 le·

699 862 812 947 mina
842 872 1051 966 quatuor,
1090 854 1160 943 rel
1192 858 1290 964 sexu,
1334 848 1408 939 ¹uel
1439 848 1535 935 odio
1563 845 1730 963 pallor,
1779 840 1879 960 pilit
1925 862 1962 935 et

695 986 828 1075 oculis
856 986 1005 1095 apertis
1035 987 1263 1093 gaudentes.
1389 1004 1395 1014 ’

845 1146 1050 1265 Ingreffltt
1071 1148 1245 1255 tardus,
1296 1149 1355 1233 ita
1386 1164 1436 1233 rt
1468 1143 1512 1229 in
1559 1142 1733 1257 planitie
1778 1140 1963 1253 effugiet!

694 1266 811 1365 heile
843 1282 892 1367 ab
922 1274 1094 1369 homine
1120 1280 1214 1389 ,capi
1247 1276 1378 1391 poffit.
1460 1270 1547 1363 Sub
1597 1294 1709 1395 terra
1747 1270 1858 1387 [odit
1908 1298 1962 1360 ce

696 1399 871 1495 lerrime
921 1424 1175 1513 cauernam,
1228 1404 1408 1519 corporis
1439 1404 1644 1489 diametro
1677 1398 1961 1517 proportiona-

634 1522 638 1529 ’
692 1526 826 1644 lem,
876 1552 948 1646 per
994 1556 1171 1647 argyam
1225 1558 1352 1623 unam
1402 1532 1570 1645 oblique
1626 1533 1960 1641 descendentem,

698 1679 888 1775 apertura
918 1679 1019 1751 nunc
1053 1664 1242 1777 duplici,
1272 1664 1390 1749 nunc
1409 1662 1603 1779 fimplici.
1673 1662 1801 1785 'Ante
1831 1686 1958 1750 cauer-

695 1816 774 1880 nae
806 1789 1038 1907 aperturam
1074 1794 1223 1905 saepius
1254 1788 1385 1878 credin
1417 1792 1520 1910 liat,
1567 1810 1785 1877 murmura
1815 1816 1838 1875 e
1873 1793 1957 1879 lou·
2035 1819 2036 1859 ³

696 1921 855 2030 ginquo
905 1922 1132 2033 percipiens
1179 1920 1456 2035 circumspicit
1505 1936 1548 2004 ct
1587 1919 1956 2033 sanumfistulnren
2035 1918 2036 1941 ¹

694 2047 795 2136 edit.
897 2048 1123 2136 Autumno
1168 2052 1522 2163 appropinquante
1578 2068 1767 2133 cauernas
1826 2064 1955 2161 petunt

698 2178 938 2285 gregatim,
987 2180 1117 2289 iisque
1174 2182 1373 2265 obturatis
1404 2182 1491 2269 alto
1522 2182 1666 2269 somno
1695 2176 1875 2287 sepultae
1902 2202 1955 2291 per

697 2307 877 2419 quinque
909 2316 1063 2392 menies
1097 2292 1358 2423 hybernant3
1403 2309 1666 2397 circulatione
1700 2323 1744 2389 et
1782 2312 1954 2395 secretiu

701 2433 817 2517 nibus
848 2453 948 2517 tunc
970 2436 1216 2523 'tardissimis
1246 2456 1291 2525 et
1324 2440 1406 2523 sere
1455 2434 1665 2549 suppreffis
1713 2438 1852 2523 uitam
1902 2438 1954 2523 ri·

698 2580 808 2645 runt
840 2564 1075 2649 minimam.
1143 2568 1264 2654 Faces
1297 2566 1341 2650 in
1373 2588 1495 2651 coeco
1529 2564 1832 2683 colliguntur,
1863 2566 1955 2683 quod

702 2680 798 2799 ipsrs
831 2688 935 2775 hanc
963 2694 1017 2781 ob
1046 2692 1204 2779 causam
1227 2698 1371 2803 ,adeo
1399 2692 1589 2807 amplum
1620 2700 1837 2807 contigit,
1886 2694 1956 2783 val·

702 2814 802 2901 ruia
834 2826 966 2929 coeci,
999 2823 1065 2907 seu
1099 2819 1130 2909 st
1166 2824 1322 2935 mauis,
1352 2824 1435 2909 coli
1465 2844 1556 2909 autc
1588 2824 1785 2939 descripta
1815 2820 1959 2935 regtel·

700 2946 793 3033 sum
828 2944 963 3036 fecum
995 2952 1040 3034 in
1091 2952 1326 3040 intestinum
1380 2970 1502 3038 tenue
1553 2953 1835 3067 impediente;
1885 2980 1958 3067 quo

701 3077 835 3182 magis
867 3084 979 3165 'enirn
1016 3102 1086 3187 per
1115 3085 1246 3166 fecum
1281 3075 1570 3171 rnlledlionem
1601 3106 1769 3171 coecum
1818 3072 1957 3173 exrenss

697 3202 843 3311 ditur,
887 3234 937 3291 co
967 3206 1174 3311 angustior
1204 3208 1387 3297 redditur
1420 3208 1610 3295 ualuulae
1660 3216 1786 3319 rima,
1833 3214 1957 3294 cuiut

690 3320 796 3413 labia
830 3354 881 3413 eo
908 3312 997 3442 ipio
1029 3332 1141 3417 coeci
1176 3337 1320 3443 parieti
1352 3344 1643 3452 supprimuntur
1670 3360 1707 3429 ct
1730 3336 1960 3456 tegtessum

690 3453 978 3569 impoffibilem
1015 3462 1201 3547 reddunt.
1627 3501 1630 3511 ·

838 3616 1060 3708 Praedntur
1090 3622 1251 3711 Suslicae
1301 3653 1327 3713 a
1371 3628 1619 3745 falconibus,
1678 3638 1965 3751 pmelettimt

561 3818 578 3849 ,
686 3746 854 3855 milu03
907 3753 1126 3838 rariusab
1158 3752 1393 3881 huminibus
1427 3787 1599 3883 propter
1629 3752 1794 3899 pellem
1838 3774 1968 3858 minue

681 3878 896 3983 nobilem,
932 3880 1102 3991 ideoque
1135 3880 1192 3967 sut
1224 3884 1301 3969 nili
1337 3892 1473 3999 pretio
1508 3896 1721 3984 venalem.

687 4052 691 4062 '
840 4045 1017 4133 Habitat
1053 4052 1208 4139 animal
1241 4060 1470 4170 frequenter
1511 4068 1552 4153 in
1586 4073 1747 4187 campis
1802 4078 1966 4167 vanin-

685 4155 1123 4286 mia,.tanaicensrbus‚
1158 4190 1373 4297 praecipue
1407 4196 1523 4281 urbes
1556 4196 1782 4317 Wnronesch
1820 4230 1866 4296 et
1880 4212 1970 4299 Tun·

683 4300 760 4390 hav
793 4302 931 4411 inter,
965 4303 1107 4395 fimul..
1125 4337 1230 4397 cum
1261 4314 1466 4408 Muranum
1498 4346 1541 4413 ec
1571 4327 1744 4423 θήσειν.

1878 4490 1972 4609 Q.
