4200 5617
564 3653 569 3662 ’
713 3675 799 3764 quo
831 3652 939 3741 fadio
970 3653 1128 3742 constat
1160 3652 1418 3743 elementum
1449 3661 1679 3772 superficiei
1713 3659 1791 3749 hac
1832 3665 1991 3752 formu·
2068 3769 2069 3776 Ν

734 581 828 661 106
910 561 1220 659 EVOLVTIO'
1248 547 1509 654 Instantis
1535 553 1853 651 'PARADOXI

728 785 1051 914 hemiiphaerii,
1101 793 1163 883 sed
1204 795 1332 884 etiam
1370 814 1552 910 quorum
1587 790 1817 905 superficies
1850 796 2003 908 cuique

728 933 915 1048 portioni
951 927 1183 1018 indefinitae
1211 927 1311 1045 basus
1343 926 1570 1014 imminens
1604 925 1828 1035 superficiei
1855 927 1999 1039 sphae-

728 1067 836 1150 ricae
869 1065 1004 1148 eidem
1039 1059 1274 1144 imminenti
1307 1055 1357 1140 stt
1390 1059 1579 1170 aequalis.
1652 1055 1766 1170 Quin
1804 1059 1999 1146 etiamii
2064 1093 2065 1134 3

661 1183 664 1195 ’
727 1189 808 1278 basi
843 1193 955 1278 aliud
993 1189 1166 1300 planum
1198 1187 1366 1300 oblique
1400 1189 1648 1292 immineat,
1684 1191 1799 1270 cuius
1832 1193 1998 1300 proinde
2064 1189 2065 1274 t

727 1320 929 1435 quaelibet
960 1319 1099 1431 portio
1128 1316 1176 1400 ad
1208 1317 1314 1404 baiiu
1349 1317 1417 1400 cui
1453 1317 1648 1403 imminet
1681 1319 1816 1402 datam
1871 1337 1999 1408 teneat

727 1449 972 1555 rationem,
1022 1446 1188 1534 infinita
1236 1442 1317 1535 alia
1367 1444 1490 1533 solida
1539 1452 1604 1534 seu
1656 1445 1888 1560 superficies
1922 1447 1997 1539 fiue

726 1605 932 1667 conuerte
972 1573 1058 1665 saue
1102 1602 1298 1664 concanae
1348 1575 1532 1685 affignati
1584 1578 1776 1690 ponunt,
1823 1601 1995 1690 quarum

727 1714 936 1826 portiones
969 1709 1139 1822 quaeuis
1173 1707 1405 1794 indefinitae
1438 1710 1487 1792 ad
1518 1707 1624 1792 bustu
1660 1709 1724 1794 cui
1760 1710 1997 1830 imminent,

725 1841 896 1928 eandem
932 1860 1094 1927 teneant
1128 1841 1342 1925 rationem.
1440 1835 1531 1923 Hoc
1567 1839 1699 1948 igitur
1731 1836 1891 1945 infigne
1921 1867 1993 1950 pa-

727 1972 912 2058 radoxon
945 1969 989 2052 in
1022 1969 1207 2053 Theoria
1241 1968 1467 2053 solidorum
1506 1963 1575 2055 hic
1625 1972 1855 2055 accuratius
1901 1993 1993 2056 exa·

727 2101 840 2190 mini
874 2095 1068 2184 subiicere
1099 2099 1325 2206 constitui,
1376 2120 1476 2180 cum
1511 2098 1604 2184 inde
1638 2097 1746 2184 baud
1781 2098 1890 2186 leuia
1930 2103 1990 2185 in·

723 2245 935 2316 crementa
984 2243 1072 2313 tam
1126 2224 1170 2310 in
1219 2229 1348 2338 ipsam
1388 2226 1493 2315 hanc
1528 2227 1757 2319 Theoriam
1792 2253 1921 2344 quam
1953 2233 1995 2321 iu

724 2355 908 2472 analyfin
939 2356 1212 2444 redundatura
1242 2361 1475 2446 uideantur.

876 2613 1072 2704 Primum
1104 2641 1208 2726 ergo
1238 2614 1461 2705 ueritatem
1493 2611 1619 2701 huius
1659 2619 1849 2732 paradoxi
1904 2617 1997 2710 eui-

723 2741 898 2857 diurus,
925 2749 1225 2836 determinetur
1255 2745 1397 2862 pundii
1432 2749 1619 2834 cuiusuis
1649 2747 1998 2863 superficiei-fitur

722 2880 849 2962 ternis
891 2877 1141 2966 coordinatis
1189 2878 1523 2986 orthogonalibus
1566 2901 1612 2990 x,
1626 2905 1676 2992 y,
1706 2905 1770 2989 z,
1816 2903 1994 2996 quarum

719 3001 837 3091 binae
868 3005 1023 3121 priores
1053 3005 1151 3096 satae
1183 3005 1263 3094 iiut
1292 3010 1335 3092 in
1367 3005 1492 3120 plano
1525 3008 1645 3118 fixo,
1678 3013 1800 3100 tertia
1830 3037 1993 3106 ueroz

720 3132 837 3220 iilius
889 3137 1034 3248 puncti
1084 3135 1132 3222 ab
1181 3137 1260 3226 hoc
1311 3137 1434 3249 plano
1481 3139 1713 3228 distantiam
1768 3145 1991 3258 exprimat.

719 3259 834 3349 Cum
886 3266 973 3350 iam
1025 3283 1171 3350 natura
1222 3263 1455 3380 superficiei
1503 3274 1735 3382 aequatione
1775 3269 1994 3358 inturbata

717 3408 853 3478 ternas
883 3395 1138 3482 coordinatus
1169 3399 1457 3504 contineatur,
1488 3421 1542 3483 ex
1574 3427 1618 3486 ea
1650 3401 1769 3488 valor
1802 3393 1931 3515 ipiiur
1962 3427 1991 3490 z

713 3519 931 3631 eliciatur,
961 3526 1036 3638 qui
1065 3524 1358 3612 differentiatus
1387 3526 1573 3639 praebeat
1601 3529 1992 3645 dzzpdx÷qdy3
2067 3621 2069 3666 r

712 3774 1308 3897 la·dxdyt‘(1÷pp÷qq)
1339 3789 1555 3902 exprimi,
1603 3793 1799 3881 imminet
1847 3813 1990 3880 autem

711 3905 795 3995 hoc
826 3907 1081 3998 elementum
1114 3913 1356 4026 restangulo
1383 3917 1546 4008 infinite
1579 3947 1712 4034 paruo
1744 3923 1872 4012 baseos
1911 3921 1993 4010 dis·

710 4037 989 4128 terentialibus
1017 4041 1091 4128 dx
1120 4061 1162 4129 et
1193 4045 1257 4157 dy
1286 4051 1477 4142 formato.
1573 4053 1731 4171 Quodsi
1773 4057 1858 4142 iam
1907 4051 1994 4139 alia·

712 4163 906 4255 habeatur
937 4171 1203 4286 superficies,
1251 4200 1305 4265 ex
1336 4183 1454 4268 cuius
1486 4187 1729 4298 aequatione
1759 4187 1872 4274 inter
1902 4207 1992 4270 ear-

711 4295 809 4385 dem
842 4316 976 4392 ternas
1004 4307 1261 4395 coordinatus
1291 4335 1339 4420 x,
1368 4341 1392 4412 r
1423 4333 1525 4402 etz
1558 4317 1729 4431 prodeat
1760 4311 1997 4406 danda·

706 4427 894 4555 frtdy,
925 4435 1185 4566 elementum
1217 4434 1341 4536 buius
1371 4443 1773 4587 superficieileidem
1827 4445 2001 4660 recep<

1883 4596 1994 4690 guo
